{"amount": 0.00869628, "date": 1653741590, "price": 137989.99999999, "tid": 13690914, "type": "buy"}
{"amount": 8.696e-05, "date": 1653741625, "price": 137986.42756905, "tid": 13690915, "type": "buy"}
{"amount": 0.00115157, "date": 1653741659, "price": 137823.72000001, "tid": 13690916, "type": "sell"}
{"amount": 0.00040401, "date": 1653741688, "price": 137846.28393901, "tid": 13690917, "type": "sell"}
{"amount": 0.0006, "date": 1653741702, "price": 137866.81198715, "tid": 13690918, "type": "sell"}
{"amount": 1e-05, "date": 1653741726, "price": 137990, "tid": 13690919, "type": "buy"}
{"amount": 6.246e-05, "date": 1653741726, "price": 138000, "tid": 13690920, "type": "buy"}
{"amount": 0.00032043, "date": 1653741742, "price": 137898.80319001, "tid": 13690921, "type": "sell"}
{"amount": 2.231e-05, "date": 1653741815, "price": 138000, "tid": 13690922, "type": "buy"}
{"amount": 0.00048949, "date": 1653741822, "price": 138000, "tid": 13690923, "type": "buy"}
{"amount": 0.00018115, "date": 1653741878, "price": 138000, "tid": 13690924, "type": "buy"}
{"amount": 0.0319, "date": 1653741919, "price": 137999.99997999, "tid": 13690925, "type": "buy"}
{"amount": 0.00433188, "date": 1653741919, "price": 138000, "tid": 13690926, "type": "buy"}
{"amount": 0.0004114, "date": 1653741925, "price": 137864.88810001, "tid": 13690927, "type": "sell"}
{"amount": 0.00295925, "date": 1653741954, "price": 137864.88810001, "tid": 13690928, "type": "sell"}
{"amount": 0.00036948, "date": 1653741978, "price": 137864.88810001, "tid": 13690929, "type": "sell"}
{"amount": 3.144e-05, "date": 1653742003, "price": 137999.99993999, "tid": 13690930, "type": "buy"}
{"amount": 0.00108709, "date": 1653742045, "price": 137982.02363805, "tid": 13690931, "type": "buy"}
{"amount": 6.478e-05, "date": 1653742076, "price": 137874.81213041, "tid": 13690932, "type": "sell"}
{"amount": 0.00869565, "date": 1653742098, "price": 137999.99998999, "tid": 13690933, "type": "buy"}
{"amount": 0.00014227, "date": 1653742114, "price": 137914.46303476, "tid": 13690934, "type": "sell"}
{"amount": 0.01756, "date": 1653742121, "price": 137891.20086107, "tid": 13690935, "type": "sell"}
{"amount": 0.01665, "date": 1653742121, "price": 137889.17577268, "tid": 13690936, "type": "sell"}
{"amount": 0.03745795, "date": 1653742121, "price": 137887.27863, "tid": 13690937, "type": "sell"}
{"amount": 0.00081166, "date": 1653742168, "price": 137999.99999999, "tid": 13690938, "type": "buy"}
{"amount": 0.00355522, "date": 1653742180, "price": 137903.20225969, "tid": 13690939, "type": "sell"}
{"amount": 0.00362318, "date": 1653742182, "price": 137999.99999999, "tid": 13690940, "type": "buy"}
{"amount": 0.00169357, "date": 1653742187, "price": 137891.06732558, "tid": 13690941, "type": "sell"}
{"amount": 0.02717391, "date": 1653742201, "price": 137999.99999999, "tid": 13690942, "type": "buy"}
{"amount": 0.00014492, "date": 1653742226, "price": 138000, "tid": 13690943, "type": "buy"}
{"amount": 0.00054771, "date": 1653742237, "price": 138000, "tid": 13690944, "type": "buy"}
{"amount": 1e-05, "date": 1653742237, "price": 138000, "tid": 13690945, "type": "buy"}
{"amount": 0.01448, "date": 1653742246, "price": 138015.80101868, "tid": 13690946, "type": "sell"}
{"amount": 0.00343699, "date": 1653742246, "price": 138006.08892491, "tid": 13690947, "type": "sell"}
{"amount": 1e-05, "date": 1653742259, "price": 138100, "tid": 13690948, "type": "buy"}
{"amount": 0.00038791, "date": 1653742259, "price": 138225.17998999, "tid": 13690949, "type": "buy"}
{"amount": 0.00079983, "date": 1653742292, "price": 138215.89995635, "tid": 13690950, "type": "buy"}
{"amount": 0.00069551, "date": 1653742329, "price": 138064.22598867, "tid": 13690951, "type": "sell"}
{"amount": 0.03616775, "date": 1653742398, "price": 138244.97565, "tid": 13690952, "type": "buy"}
{"amount": 0.00013512, "date": 1653742444, "price": 138092.92690557, "tid": 13690953, "type": "sell"}
{"amount": 0.00012931, "date": 1653742447, "price": 138300, "tid": 13690954, "type": "buy"}
{"amount": 0.00059341, "date": 1653742447, "price": 138380.09601107, "tid": 13690955, "type": "buy"}
{"amount": 0.00046809, "date": 1653742449, "price": 138100.13728611, "tid": 13690956, "type": "sell"}
{"amount": 0.0003613, "date": 1653742600, "price": 138387.67625234, "tid": 13690957, "type": "buy"}
{"amount": 0.00180618, "date": 1653742650, "price": 138413.1896, "tid": 13690958, "type": "buy"}
{"amount": 0.0047299, "date": 1653742658, "price": 138163.34042758, "tid": 13690959, "type": "sell"}
{"amount": 3.613e-05, "date": 1653742744, "price": 138381.50241014, "tid": 13690960, "type": "buy"}
{"amount": 3.354e-05, "date": 1653742806, "price": 138334.98353892, "tid": 13690961, "type": "buy"}
{"amount": 0.0061, "date": 1653742819, "price": 138429.04972999, "tid": 13690962, "type": "buy"}
{"amount": 0.08261598, "date": 1653742819, "price": 138429.04973, "tid": 13690963, "type": "buy"}
{"amount": 2.074e-05, "date": 1653742860, "price": 138341.3734436, "tid": 13690964, "type": "buy"}
{"amount": 0.02169351, "date": 1653742889, "price": 138290.19038791, "tid": 13690965, "type": "buy"}
{"amount": 0.00072521, "date": 1653742915, "price": 138332.18414397, "tid": 13690966, "type": "buy"}
{"amount": 3.131e-05, "date": 1653742983, "price": 138274.48671302, "tid": 13690967, "type": "buy"}
{"amount": 0.0018, "date": 1653743008, "price": 138258.62290019, "tid": 13690968, "type": "buy"}
{"amount": 0.00543282, "date": 1653743008, "price": 138258.6229002, "tid": 13690969, "type": "buy"}
{"amount": 0.00072329, "date": 1653743022, "price": 138256.25486, "tid": 13690970, "type": "buy"}
{"amount": 0.00062677, "date": 1653743151, "price": 138061.80663001, "tid": 13690971, "type": "sell"}
{"amount": 0.05100253, "date": 1653743161, "price": 138061.80882818, "tid": 13690972, "type": "sell"}
{"amount": 7.23e-06, "date": 1653743219, "price": 138250.5348, "tid": 13690973, "type": "buy"}
{"amount": 0.00016076, "date": 1653743366, "price": 138159.70379853, "tid": 13690974, "type": "sell"}
{"amount": 1.806e-05, "date": 1653743407, "price": 138351.60057, "tid": 13690975, "type": "buy"}
{"amount": 0.00010117, "date": 1653743445, "price": 138371.02354487, "tid": 13690976, "type": "buy"}
{"amount": 0.00564342, "date": 1653743461, "price": 138351.6, "tid": 13690977, "type": "sell"}
{"amount": 1e-05, "date": 1653743464, "price": 138400, "tid": 13690978, "type": "buy"}
{"amount": 0.00021592, "date": 1653743464, "price": 138410.19176436, "tid": 13690979, "type": "buy"}
{"amount": 0.00017041, "date": 1653743501, "price": 138486.13035833, "tid": 13690980, "type": "buy"}
{"amount": 0.00036086, "date": 1653743519, "price": 138556.58277414, "tid": 13690981, "type": "buy"}
{"amount": 0.00014512, "date": 1653743536, "price": 138505.1658687, "tid": 13690982, "type": "buy"}
{"amount": 0.00722037, "date": 1653743540, "price": 138497.44462, "tid": 13690983, "type": "buy"}
{"amount": 0.00010828, "date": 1653743574, "price": 138525.64082935, "tid": 13690984, "type": "buy"}
{"amount": 0.01443819, "date": 1653743575, "price": 138521.49202448, "tid": 13690985, "type": "buy"}
{"amount": 0.00038022, "date": 1653743593, "price": 138451.5341696, "tid": 13690986, "type": "sell"}
{"amount": 0.01443114, "date": 1653743605, "price": 138589.1531, "tid": 13690987, "type": "buy"}
{"amount": 0.0007, "date": 1653743634, "price": 138599.99999999, "tid": 13690988, "type": "buy"}
{"amount": 2.15e-05, "date": 1653743634, "price": 138600, "tid": 13690989, "type": "buy"}
{"amount": 0.0009785, "date": 1653743671, "price": 138600, "tid": 13690990, "type": "buy"}
{"amount": 0.00043927, "date": 1653743674, "price": 138600, "tid": 13690991, "type": "sell"}
{"amount": 0.00208655, "date": 1653743686, "price": 138600, "tid": 13690992, "type": "sell"}
{"amount": 0.00149568, "date": 1653743689, "price": 138600, "tid": 13690993, "type": "sell"}
{"amount": 0.00011637, "date": 1653743746, "price": 138533.06933556, "tid": 13690994, "type": "sell"}
{"amount": 0.00036011, "date": 1653743780, "price": 138845.87314, "tid": 13690995, "type": "buy"}
{"amount": 0.00020002, "date": 1653743849, "price": 138573.71387, "tid": 13690996, "type": "sell"}
{"amount": 0.00050447, "date": 1653743851, "price": 138757.22015, "tid": 13690997, "type": "buy"}
{"amount": 0.0461667, "date": 1653743869, "price": 138757.92703, "tid": 13690998, "type": "buy"}
{"amount": 0.02924, "date": 1653743869, "price": 138757.93247445, "tid": 13690999, "type": "buy"}
{"amount": 0.02846, "date": 1653743879, "price": 138762.1574042, "tid": 13691000, "type": "buy"}
{"amount": 0.02846, "date": 1653743879, "price": 138764.95227406, "tid": 13691001, "type": "buy"}
{"amount": 0.01441, "date": 1653743886, "price": 138769.6611404, "tid": 13691002, "type": "buy"}
{"amount": 0.01014, "date": 1653743887, "price": 138769.6611404, "tid": 13691003, "type": "buy"}
{"amount": 0.06192, "date": 1653743887, "price": 138874.2771132, "tid": 13691004, "type": "buy"}
{"amount": 0.01, "date": 1653743890, "price": 138767.87236002, "tid": 13691005, "type": "buy"}
{"amount": 0.01, "date": 1653743895, "price": 138767.87236001, "tid": 13691006, "type": "buy"}
{"amount": 0.01346, "date": 1653743896, "price": 138767.87236001, "tid": 13691007, "type": "buy"}
{"amount": 0.0153, "date": 1653743896, "price": 138767.87236001, "tid": 13691008, "type": "buy"}
{"amount": 0.00943, "date": 1653743899, "price": 138767.87236001, "tid": 13691009, "type": "buy"}
{"amount": 0.01, "date": 1653743904, "price": 138767.87237002, "tid": 13691010, "type": "buy"}
{"amount": 0.00071733, "date": 1653743915, "price": 139405.22805469, "tid": 13691011, "type": "buy"}
{"amount": 2.582e-05, "date": 1653743920, "price": 139394.42376084, "tid": 13691012, "type": "buy"}
{"amount": 0.0021417, "date": 1653743946, "price": 139310.64023326, "tid": 13691013, "type": "sell"}
{"amount": 0.01, "date": 1653743960, "price": 139274.56396918, "tid": 13691014, "type": "sell"}
{"amount": 0.00069379, "date": 1653744002, "price": 139185.67870518, "tid": 13691015, "type": "sell"}
{"amount": 0.01663792, "date": 1653744017, "price": 139335.44327708, "tid": 13691016, "type": "buy"}
{"amount": 0.01, "date": 1653744025, "price": 139169.00901, "tid": 13691017, "type": "sell"}
{"amount": 0.00035891, "date": 1653744076, "price": 139309.16604, "tid": 13691018, "type": "buy"}
{"amount": 0.00107674, "date": 1653744089, "price": 139309.16503, "tid": 13691019, "type": "buy"}
{"amount": 4.486e-05, "date": 1653744090, "price": 139309.16497, "tid": 13691020, "type": "buy"}
{"amount": 0.00035891, "date": 1653744100, "price": 139309.16496, "tid": 13691021, "type": "buy"}
{"amount": 0.00011054, "date": 1653744122, "price": 139305.00316, "tid": 13691022, "type": "buy"}
{"amount": 0.00035892, "date": 1653744124, "price": 139305.00216, "tid": 13691023, "type": "buy"}
{"amount": 0.00717867, "date": 1653744132, "price": 139301.42868, "tid": 13691024, "type": "buy"}
{"amount": 0.00030151, "date": 1653744135, "price": 139294.85480459, "tid": 13691025, "type": "buy"}
{"amount": 0.02153702, "date": 1653744201, "price": 139284.33632, "tid": 13691026, "type": "buy"}
{"amount": 0.00074012, "date": 1653744221, "price": 139161.75068, "tid": 13691027, "type": "sell"}
{"amount": 0.01, "date": 1653744221, "price": 139161.75068, "tid": 13691028, "type": "sell"}
{"amount": 0.01, "date": 1653744226, "price": 139155.8885582, "tid": 13691029, "type": "sell"}
{"amount": 0.01, "date": 1653744232, "price": 139155.8885582, "tid": 13691030, "type": "sell"}
{"amount": 0.01528, "date": 1653744237, "price": 139246.95687373, "tid": 13691031, "type": "buy"}
{"amount": 0.01561, "date": 1653744237, "price": 139247.62024751, "tid": 13691032, "type": "buy"}
{"amount": 0.02965673, "date": 1653744237, "price": 139250.20305, "tid": 13691033, "type": "buy"}
{"amount": 0.01379958, "date": 1653744237, "price": 139254.55205, "tid": 13691034, "type": "buy"}
{"amount": 2.454e-05, "date": 1653744247, "price": 139333.01487, "tid": 13691035, "type": "buy"}
{"amount": 0.01, "date": 1653744256, "price": 139161.2977, "tid": 13691036, "type": "sell"}
{"amount": 0.00023971, "date": 1653744257, "price": 139161.2977, "tid": 13691037, "type": "sell"}
{"amount": 0.01, "date": 1653744261, "price": 139161.2977, "tid": 13691038, "type": "sell"}
{"amount": 0.00043074, "date": 1653744264, "price": 139293.41906781, "tid": 13691039, "type": "buy"}
{"amount": 0.01, "date": 1653744266, "price": 139161.2977, "tid": 13691040, "type": "sell"}
{"amount": 0.01, "date": 1653744272, "price": 139155.8885582, "tid": 13691041, "type": "sell"}
{"amount": 0.01, "date": 1653744276, "price": 139155.8885582, "tid": 13691042, "type": "sell"}
{"amount": 0.01, "date": 1653744282, "price": 139155.8885582, "tid": 13691043, "type": "sell"}
{"amount": 0.01, "date": 1653744286, "price": 139155.8885582, "tid": 13691044, "type": "sell"}
{"amount": 0.01, "date": 1653744292, "price": 139155.8885582, "tid": 13691045, "type": "sell"}
{"amount": 0.00201, "date": 1653744323, "price": 139155.8885582, "tid": 13691046, "type": "sell"}
{"amount": 0.02236564, "date": 1653744324, "price": 139026.30529, "tid": 13691047, "type": "sell"}
{"amount": 0.01, "date": 1653744326, "price": 139015.94537239, "tid": 13691048, "type": "sell"}
{"amount": 0.000226, "date": 1653744386, "price": 138802.13618131, "tid": 13691049, "type": "sell"}
{"amount": 2.611e-05, "date": 1653744397, "price": 139029.30380825, "tid": 13691050, "type": "buy"}
{"amount": 0.00143857, "date": 1653744405, "price": 139026.69168, "tid": 13691051, "type": "buy"}
{"amount": 3.934e-05, "date": 1653744427, "price": 139018.98787, "tid": 13691052, "type": "buy"}
{"amount": 0.00021579, "date": 1653744466, "price": 139018.97918, "tid": 13691053, "type": "buy"}
{"amount": 0.00044979, "date": 1653744466, "price": 139018.97918, "tid": 13691054, "type": "buy"}
{"amount": 0.01438832, "date": 1653744491, "price": 139001.63027, "tid": 13691055, "type": "buy"}
{"amount": 0.01, "date": 1653744496, "price": 138936.99000001, "tid": 13691056, "type": "sell"}
{"amount": 0.01, "date": 1653744502, "price": 138936.99000001, "tid": 13691057, "type": "sell"}
{"amount": 0.01, "date": 1653744507, "price": 138936.99000001, "tid": 13691058, "type": "sell"}
{"amount": 0.0007, "date": 1653744556, "price": 138936.99, "tid": 13691059, "type": "sell"}
{"amount": 0.00054614, "date": 1653744562, "price": 138811.62951352, "tid": 13691060, "type": "sell"}
{"amount": 4.319e-05, "date": 1653744593, "price": 138775.89003791, "tid": 13691061, "type": "sell"}
{"amount": 0.01358, "date": 1653744601, "price": 138977.57062569, "tid": 13691062, "type": "buy"}
{"amount": 0.04438844, "date": 1653744601, "price": 138980.19144, "tid": 13691063, "type": "buy"}
{"amount": 0.0035977, "date": 1653744603, "price": 138977.57061999, "tid": 13691064, "type": "buy"}
{"amount": 0.0003072, "date": 1653744619, "price": 138968.30405472, "tid": 13691065, "type": "buy"}
{"amount": 3.213e-05, "date": 1653744714, "price": 138629.19054001, "tid": 13691066, "type": "sell"}
{"amount": 8.24e-05, "date": 1653744758, "price": 138613.41784384, "tid": 13691067, "type": "sell"}
{"amount": 0.01306065, "date": 1653744796, "price": 138580.0596527, "tid": 13691068, "type": "sell"}
{"amount": 0.01, "date": 1653744797, "price": 138580.0596527, "tid": 13691069, "type": "sell"}
{"amount": 0.01, "date": 1653744816, "price": 138518.88342494, "tid": 13691070, "type": "sell"}
{"amount": 2.163e-05, "date": 1653744820, "price": 138685.62461915, "tid": 13691071, "type": "buy"}
{"amount": 0.01, "date": 1653744822, "price": 138525.86466, "tid": 13691072, "type": "sell"}
{"amount": 2.172e-05, "date": 1653744859, "price": 138511.61471055, "tid": 13691073, "type": "sell"}
{"amount": 9.87e-06, "date": 1653744868, "price": 138681.70523, "tid": 13691074, "type": "buy"}
{"amount": 0.00031847, "date": 1653744912, "price": 138756.0878, "tid": 13691075, "type": "buy"}
{"amount": 0.05405168, "date": 1653744913, "price": 138756.0878, "tid": 13691076, "type": "buy"}
{"amount": 0.00031558, "date": 1653744947, "price": 138756.08779, "tid": 13691077, "type": "buy"}
{"amount": 0.00034686, "date": 1653744983, "price": 138756.08779, "tid": 13691078, "type": "buy"}
{"amount": 0.00018017, "date": 1653745008, "price": 138756.08779, "tid": 13691079, "type": "buy"}
{"amount": 0.00360481, "date": 1653745035, "price": 138756.08779, "tid": 13691080, "type": "buy"}
{"amount": 0.00217042, "date": 1653745046, "price": 138756.08779, "tid": 13691081, "type": "buy"}
{"amount": 0.02299928, "date": 1653745102, "price": 138667.79265871, "tid": 13691082, "type": "sell"}
{"amount": 0.0043211, "date": 1653745126, "price": 138806.97199999, "tid": 13691083, "type": "buy"}
{"amount": 0.00035983, "date": 1653745193, "price": 138951.21618999, "tid": 13691084, "type": "buy"}
{"amount": 0.00179919, "date": 1653745211, "price": 138951.21304999, "tid": 13691085, "type": "buy"}
{"amount": 0.00090314, "date": 1653745237, "price": 138806.68540875, "tid": 13691086, "type": "sell"}
{"amount": 0.01132518, "date": 1653745309, "price": 138767.26239552, "tid": 13691087, "type": "sell"}
{"amount": 0.0001148, "date": 1653745349, "price": 139019.20495644, "tid": 13691088, "type": "buy"}
{"amount": 0.01244055, "date": 1653745422, "price": 138961.67215999, "tid": 13691089, "type": "buy"}
{"amount": 0.00359811, "date": 1653745426, "price": 138961.67108, "tid": 13691090, "type": "buy"}
{"amount": 0.00863589, "date": 1653745430, "price": 138954.9231649, "tid": 13691091, "type": "buy"}
{"amount": 0.00024947, "date": 1653745510, "price": 138811.66, "tid": 13691092, "type": "sell"}
{"amount": 0.0273, "date": 1653745552, "price": 138750.00000001, "tid": 13691093, "type": "sell"}
{"amount": 0.00051733, "date": 1653745552, "price": 138750, "tid": 13691094, "type": "sell"}
{"amount": 0.06924305, "date": 1653745552, "price": 138641.2361, "tid": 13691095, "type": "sell"}
{"amount": 0.02935, "date": 1653745552, "price": 138641.23608541, "tid": 13691096, "type": "sell"}
{"amount": 0.03061, "date": 1653745552, "price": 138640.61637293, "tid": 13691097, "type": "sell"}
{"amount": 0.09027962, "date": 1653745552, "price": 138590.98455788, "tid": 13691098, "type": "sell"}
{"amount": 0.00108129, "date": 1653745572, "price": 138723.1866988, "tid": 13691099, "type": "buy"}
{"amount": 0.00144092, "date": 1653745582, "price": 138799.53637, "tid": 13691100, "type": "buy"}
{"amount": 0.00011258, "date": 1653745606, "price": 138743.59541223, "tid": 13691101, "type": "buy"}
{"amount": 0.02024, "date": 1653745617, "price": 138493.9671439, "tid": 13691102, "type": "sell"}
{"amount": 0.01596386, "date": 1653745617, "price": 138493.85523112, "tid": 13691103, "type": "sell"}
{"amount": 3.603e-05, "date": 1653745644, "price": 138747.94719, "tid": 13691104, "type": "buy"}
{"amount": 0.02617, "date": 1653745691, "price": 138774.12064919, "tid": 13691105, "type": "buy"}
{"amount": 0.02732, "date": 1653745691, "price": 138776.07378462, "tid": 13691106, "type": "buy"}
{"amount": 0.01856865, "date": 1653745691, "price": 138777.87152, "tid": 13691107, "type": "buy"}
{"amount": 0.00055753, "date": 1653745714, "price": 138736.71572353, "tid": 13691108, "type": "buy"}
{"amount": 0.00108456, "date": 1653745744, "price": 138531.44569213, "tid": 13691109, "type": "sell"}
{"amount": 8.781e-05, "date": 1653745813, "price": 138818.9626464, "tid": 13691110, "type": "buy"}
{"amount": 0.00072035, "date": 1653745848, "price": 138783.89911241, "tid": 13691111, "type": "buy"}
{"amount": 0.03580511, "date": 1653745964, "price": 138807.28188567, "tid": 13691112, "type": "buy"}
{"amount": 0.00021616, "date": 1653745973, "price": 138782.65548, "tid": 13691113, "type": "buy"}
{"amount": 0.00036033, "date": 1653746025, "price": 138760.70387389, "tid": 13691114, "type": "buy"}
{"amount": 3.257e-05, "date": 1653746034, "price": 138748.32814, "tid": 13691115, "type": "buy"}
{"amount": 0.00014405, "date": 1653746120, "price": 138839.04844581, "tid": 13691116, "type": "buy"}
{"amount": 0.00021187, "date": 1653746130, "price": 138627.22276912, "tid": 13691117, "type": "sell"}
{"amount": 7.201e-05, "date": 1653746197, "price": 138855.24065999, "tid": 13691118, "type": "buy"}
{"amount": 0.00010084, "date": 1653746218, "price": 138832.7086231, "tid": 13691119, "type": "buy"}
{"amount": 0.0007348, "date": 1653746233, "price": 138811.99712014, "tid": 13691120, "type": "buy"}
{"amount": 7.151e-05, "date": 1653746262, "price": 138651.31239942, "tid": 13691121, "type": "sell"}
{"amount": 0.00162531, "date": 1653746381, "price": 138658.87458001, "tid": 13691122, "type": "sell"}
{"amount": 4.211e-05, "date": 1653746465, "price": 138701.13886001, "tid": 13691123, "type": "sell"}
{"amount": 3.601e-05, "date": 1653746467, "price": 138848.90690999, "tid": 13691124, "type": "buy"}
{"amount": 9.162e-05, "date": 1653746474, "price": 138672.40928259, "tid": 13691125, "type": "sell"}
{"amount": 0.00075325, "date": 1653746476, "price": 138863.34894, "tid": 13691126, "type": "buy"}
{"amount": 0.00074856, "date": 1653746495, "price": 138932.034389, "tid": 13691127, "type": "buy"}
{"amount": 0.00074333, "date": 1653746511, "price": 138750.47111121, "tid": 13691128, "type": "sell"}
{"amount": 0.00359958, "date": 1653746511, "price": 138904.74987999, "tid": 13691129, "type": "buy"}
{"amount": 3.984e-05, "date": 1653746521, "price": 138732.01084783, "tid": 13691130, "type": "sell"}
{"amount": 2.065e-05, "date": 1653746526, "price": 138946.02899, "tid": 13691131, "type": "buy"}
{"amount": 4.154e-05, "date": 1653746547, "price": 138695.52383, "tid": 13691132, "type": "sell"}
{"amount": 0.02223, "date": 1653746553, "price": 138702.35583876, "tid": 13691133, "type": "sell"}
{"amount": 0.02152, "date": 1653746553, "price": 138701.51382833, "tid": 13691134, "type": "sell"}
{"amount": 0.01625, "date": 1653746553, "price": 138695.52384001, "tid": 13691135, "type": "sell"}
{"amount": 0.00035512, "date": 1653746556, "price": 138654.93633049, "tid": 13691136, "type": "sell"}
{"amount": 1.44e-05, "date": 1653746582, "price": 138812.60110484, "tid": 13691137, "type": "buy"}
{"amount": 1.966e-05, "date": 1653746590, "price": 138751.06, "tid": 13691138, "type": "sell"}
{"amount": 1.44e-05, "date": 1653746609, "price": 138882.99723551, "tid": 13691139, "type": "buy"}
{"amount": 0.00720106, "date": 1653746617, "price": 138868.39546089, "tid": 13691140, "type": "buy"}
{"amount": 5.241e-05, "date": 1653746634, "price": 138751.06, "tid": 13691141, "type": "sell"}
{"amount": 5.953e-05, "date": 1653746634, "price": 138648.86632001, "tid": 13691142, "type": "sell"}
{"amount": 0.00011099, "date": 1653746644, "price": 138831.32258502, "tid": 13691143, "type": "buy"}
{"amount": 0.00021718, "date": 1653746658, "price": 138683.06367692, "tid": 13691144, "type": "sell"}
{"amount": 0.00036001, "date": 1653746669, "price": 138884.73100547, "tid": 13691145, "type": "buy"}
{"amount": 7.5e-05, "date": 1653746693, "price": 138653.91836842, "tid": 13691146, "type": "sell"}
{"amount": 0.00035184, "date": 1653746708, "price": 138952.08247412, "tid": 13691147, "type": "buy"}
{"amount": 0.00055138, "date": 1653746759, "price": 138832.12287736, "tid": 13691148, "type": "buy"}
{"amount": 0.00010802, "date": 1653746797, "price": 138851.57014772, "tid": 13691149, "type": "buy"}
{"amount": 2.829e-05, "date": 1653746818, "price": 138905.75957547, "tid": 13691150, "type": "buy"}
{"amount": 0.00043188, "date": 1653746905, "price": 138927.02283532, "tid": 13691151, "type": "buy"}
{"amount": 0.00015581, "date": 1653746925, "price": 138881.94143262, "tid": 13691152, "type": "buy"}
{"amount": 0.00021537, "date": 1653746927, "price": 138872.63056751, "tid": 13691153, "type": "buy"}
{"amount": 0.01440194, "date": 1653746928, "price": 138870.14019709, "tid": 13691154, "type": "buy"}
{"amount": 0.00036017, "date": 1653746953, "price": 138820.45241341, "tid": 13691155, "type": "buy"}
{"amount": 0.00021618, "date": 1653746980, "price": 138768.22527135, "tid": 13691156, "type": "buy"}
{"amount": 1.391e-05, "date": 1653747022, "price": 138641.56, "tid": 13691157, "type": "sell"}
{"amount": 4.609e-05, "date": 1653747048, "price": 138641.56, "tid": 13691158, "type": "sell"}
{"amount": 0.00010391, "date": 1653747048, "price": 138517.4301, "tid": 13691159, "type": "sell"}
{"amount": 0.00021387, "date": 1653747059, "price": 138517.4301, "tid": 13691160, "type": "sell"}
{"amount": 0.00034828, "date": 1653747078, "price": 138423.76709368, "tid": 13691161, "type": "sell"}
{"amount": 0.00032, "date": 1653747152, "price": 138390.84875559, "tid": 13691162, "type": "sell"}
{"amount": 0.00036089, "date": 1653747161, "price": 138543.80597179, "tid": 13691163, "type": "buy"}
{"amount": 0.0194, "date": 1653747195, "price": 138566.59253999, "tid": 13691164, "type": "buy"}
{"amount": 0.05204579, "date": 1653747195, "price": 138566.59254, "tid": 13691165, "type": "buy"}
{"amount": 7.218e-05, "date": 1653747207, "price": 138532.96605, "tid": 13691166, "type": "buy"}
{"amount": 0.00011914, "date": 1653747233, "price": 138485.48586999, "tid": 13691167, "type": "buy"}
{"amount": 0.00021467, "date": 1653747282, "price": 138532.96, "tid": 13691168, "type": "buy"}
{"amount": 0.00122829, "date": 1653747282, "price": 138616.21782442, "tid": 13691169, "type": "buy"}
{"amount": 0.00034538, "date": 1653747283, "price": 138367.26778921, "tid": 13691170, "type": "sell"}
{"amount": 7.215e-05, "date": 1653747296, "price": 138593.88604463, "tid": 13691171, "type": "buy"}
{"amount": 0.02389, "date": 1653747346, "price": 138491.43557951, "tid": 13691172, "type": "buy"}
{"amount": 0.02548, "date": 1653747346, "price": 138491.68026656, "tid": 13691173, "type": "buy"}
{"amount": 0.02468, "date": 1653747346, "price": 138522.10864462, "tid": 13691174, "type": "buy"}
{"amount": 0.0342466, "date": 1653747346, "price": 138523.09278, "tid": 13691175, "type": "buy"}
{"amount": 0.00360914, "date": 1653747356, "price": 138539.76418999, "tid": 13691176, "type": "buy"}
{"amount": 0.003, "date": 1653747365, "price": 138539.76405999, "tid": 13691177, "type": "buy"}
{"amount": 0.00060907, "date": 1653747365, "price": 138539.76406, "tid": 13691178, "type": "buy"}
{"amount": 1.804e-05, "date": 1653747398, "price": 138527.12745636, "tid": 13691179, "type": "buy"}
{"amount": 0.00115999, "date": 1653747401, "price": 138369.12235, "tid": 13691180, "type": "sell"}
{"amount": 0.00072188, "date": 1653747402, "price": 138527.1274, "tid": 13691181, "type": "buy"}
{"amount": 0.0002244, "date": 1653747413, "price": 138369.66593, "tid": 13691182, "type": "sell"}
{"amount": 0.00028875, "date": 1653747433, "price": 138525.58315, "tid": 13691183, "type": "buy"}
{"amount": 1.443e-05, "date": 1653747441, "price": 138522.41846, "tid": 13691184, "type": "buy"}
{"amount": 0.00032062, "date": 1653747450, "price": 138366.11135712, "tid": 13691185, "type": "sell"}
{"amount": 8.662e-05, "date": 1653747457, "price": 138522.41846, "tid": 13691186, "type": "buy"}
{"amount": 0.00133469, "date": 1653747461, "price": 138522.41846, "tid": 13691187, "type": "buy"}
{"amount": 7.219e-05, "date": 1653747477, "price": 138521.87479133, "tid": 13691188, "type": "buy"}
{"amount": 0.00019489, "date": 1653747514, "price": 138536.47995133, "tid": 13691189, "type": "buy"}
{"amount": 1.263e-05, "date": 1653747541, "price": 138509.99934, "tid": 13691190, "type": "buy"}
{"amount": 0.00147245, "date": 1653747617, "price": 138509.99929, "tid": 13691191, "type": "buy"}
{"amount": 0.00216557, "date": 1653747633, "price": 138531.64058, "tid": 13691192, "type": "buy"}
{"amount": 0.00086615, "date": 1653747646, "price": 138543.99987, "tid": 13691193, "type": "buy"}
{"amount": 0.05052546, "date": 1653747655, "price": 138544, "tid": 13691194, "type": "buy"}
{"amount": 0.00086622, "date": 1653747720, "price": 138532.51594, "tid": 13691195, "type": "buy"}
{"amount": 0.00108276, "date": 1653747735, "price": 138534.76707198, "tid": 13691196, "type": "buy"}
{"amount": 0.00640646, "date": 1653747758, "price": 138373.49764, "tid": 13691197, "type": "sell"}
{"amount": 0.00445214, "date": 1653747758, "price": 138362.47685638, "tid": 13691198, "type": "sell"}
{"amount": 5.413e-05, "date": 1653747765, "price": 138543.99998999, "tid": 13691199, "type": "buy"}
{"amount": 0.00020786, "date": 1653747868, "price": 138531.48, "tid": 13691200, "type": "buy"}
{"amount": 0.00012418, "date": 1653747868, "price": 138543.99994, "tid": 13691201, "type": "buy"}
{"amount": 0.00065033, "date": 1653747873, "price": 138543.99992999, "tid": 13691202, "type": "buy"}
{"amount": 0.00042999, "date": 1653747914, "price": 138411.67051698, "tid": 13691203, "type": "sell"}
{"amount": 0.00020931, "date": 1653747915, "price": 138543.99949999, "tid": 13691204, "type": "buy"}
{"amount": 5.196e-05, "date": 1653747969, "price": 138369.44209465, "tid": 13691205, "type": "sell"}
{"amount": 7.3e-06, "date": 1653748059, "price": 138363.28165387, "tid": 13691206, "type": "sell"}
{"amount": 0.0313, "date": 1653748077, "price": 138404.84392868, "tid": 13691207, "type": "sell"}
{"amount": 0.0242, "date": 1653748077, "price": 138404.84392867, "tid": 13691208, "type": "sell"}
{"amount": 0.0145, "date": 1653748077, "price": 138403.51163367, "tid": 13691209, "type": "sell"}
{"amount": 0.00019808, "date": 1653748082, "price": 138357.95247386, "tid": 13691210, "type": "sell"}
{"amount": 0.00378957, "date": 1653748170, "price": 138537.9589486, "tid": 13691211, "type": "buy"}
{"amount": 0.00072179, "date": 1653748191, "price": 138543.99986999, "tid": 13691212, "type": "buy"}
{"amount": 0.00098888, "date": 1653748228, "price": 138539.77507027, "tid": 13691213, "type": "buy"}
{"amount": 6.575e-05, "date": 1653748247, "price": 138543.99993, "tid": 13691214, "type": "buy"}
{"amount": 0.00649613, "date": 1653748264, "price": 138543.99999, "tid": 13691215, "type": "buy"}
{"amount": 0.00065714, "date": 1653748271, "price": 138428.13792001, "tid": 13691216, "type": "sell"}
{"amount": 0.00072179, "date": 1653748298, "price": 138543.99993, "tid": 13691217, "type": "buy"}
{"amount": 0.00063777, "date": 1653748324, "price": 138543.99, "tid": 13691218, "type": "buy"}
{"amount": 0.0180448, "date": 1653748337, "price": 138544, "tid": 13691219, "type": "buy"}
{"amount": 0.00066839, "date": 1653748354, "price": 138436.44064314, "tid": 13691220, "type": "sell"}
{"amount": 0.00443753, "date": 1653748359, "price": 138604.4209, "tid": 13691221, "type": "buy"}
{"amount": 0.10377995, "date": 1653748359, "price": 138610, "tid": 13691222, "type": "buy"}
{"amount": 1.601e-05, "date": 1653748379, "price": 138584.81970636, "tid": 13691223, "type": "buy"}
{"amount": 0.00721649, "date": 1653748392, "price": 138572.34065733, "tid": 13691224, "type": "buy"}
{"amount": 0.0275, "date": 1653748402, "price": 138359.04491447, "tid": 13691225, "type": "sell"}
{"amount": 0.02265, "date": 1653748402, "price": 138359.04491446, "tid": 13691226, "type": "sell"}
{"amount": 0.01208999, "date": 1653748402, "price": 138357.80854469, "tid": 13691227, "type": "sell"}
{"amount": 0.0148, "date": 1653748416, "price": 138428.92117258, "tid": 13691228, "type": "sell"}
{"amount": 0.02254, "date": 1653748416, "price": 138428.92117257, "tid": 13691229, "type": "sell"}
{"amount": 0.0017483, "date": 1653748416, "price": 138428.58543423, "tid": 13691230, "type": "sell"}
{"amount": 0.0046, "date": 1653748429, "price": 138378.84361001, "tid": 13691231, "type": "sell"}
{"amount": 0.03663999, "date": 1653748429, "price": 138378.84361, "tid": 13691232, "type": "sell"}
{"amount": 0.00072164, "date": 1653748436, "price": 138573.06947049, "tid": 13691233, "type": "buy"}
{"amount": 0.05, "date": 1653748449, "price": 138555.442, "tid": 13691234, "type": "buy"}
{"amount": 0.05823735, "date": 1653748449, "price": 138609.11463, "tid": 13691235, "type": "buy"}
{"amount": 0.00505044, "date": 1653748453, "price": 138601.73596923, "tid": 13691236, "type": "buy"}
{"amount": 0.00541107, "date": 1653748462, "price": 138604.63958, "tid": 13691237, "type": "buy"}
{"amount": 0.00043297, "date": 1653748476, "price": 138574.97806413, "tid": 13691238, "type": "buy"}
{"amount": 0.01443292, "date": 1653748508, "price": 138572.01462306, "tid": 13691239, "type": "buy"}
{"amount": 0.00032476, "date": 1653748516, "price": 138561.01458076, "tid": 13691240, "type": "buy"}
{"amount": 0.00144296, "date": 1653748592, "price": 138603.65540321, "tid": 13691241, "type": "buy"}
{"amount": 0.00014434, "date": 1653748636, "price": 138558.40446748, "tid": 13691242, "type": "buy"}
{"amount": 3.298e-05, "date": 1653748645, "price": 138382.10964848, "tid": 13691243, "type": "sell"}
{"amount": 0.00144354, "date": 1653748646, "price": 138547.67618223, "tid": 13691244, "type": "buy"}
{"amount": 0.00019129, "date": 1653748808, "price": 138584.88995562, "tid": 13691245, "type": "buy"}
{"amount": 0.00278341, "date": 1653748825, "price": 138556.48449452, "tid": 13691246, "type": "buy"}
{"amount": 0.00015883, "date": 1653748843, "price": 138511.94600743, "tid": 13691247, "type": "buy"}
{"amount": 0.00505364, "date": 1653748913, "price": 138513.97859, "tid": 13691248, "type": "buy"}
{"amount": 0.00360995, "date": 1653748916, "price": 138506.23022, "tid": 13691249, "type": "buy"}
{"amount": 0.00054157, "date": 1653748940, "price": 138484.65965, "tid": 13691250, "type": "buy"}
{"amount": 0.00066018, "date": 1653748974, "price": 138351.60002001, "tid": 13691251, "type": "sell"}
{"amount": 6.17e-05, "date": 1653748994, "price": 138493.28900414, "tid": 13691252, "type": "buy"}
{"amount": 0.00021075, "date": 1653749015, "price": 138504.61073353, "tid": 13691253, "type": "buy"}
{"amount": 2.7e-05, "date": 1653749036, "price": 138506.70317, "tid": 13691254, "type": "buy"}
{"amount": 0.000361, "date": 1653749046, "price": 138501.40805, "tid": 13691255, "type": "buy"}
{"amount": 1.965e-05, "date": 1653749049, "price": 138351.60003001, "tid": 13691256, "type": "sell"}
{"amount": 3.61e-05, "date": 1653749061, "price": 138502.48462, "tid": 13691257, "type": "buy"}
{"amount": 0.00523421, "date": 1653749066, "price": 138357.87244486, "tid": 13691258, "type": "sell"}
{"amount": 3.378e-05, "date": 1653749085, "price": 138355.40504001, "tid": 13691259, "type": "sell"}
{"amount": 0.00014226, "date": 1653749107, "price": 138355.17055061, "tid": 13691260, "type": "sell"}
{"amount": 1.163e-05, "date": 1653749150, "price": 138357, "tid": 13691261, "type": "buy"}
{"amount": 9.999e-05, "date": 1653749172, "price": 138351.6, "tid": 13691262, "type": "sell"}
{"amount": 7.22e-06, "date": 1653749182, "price": 138357, "tid": 13691263, "type": "buy"}
{"amount": 2.486e-05, "date": 1653749201, "price": 138356.99994, "tid": 13691264, "type": "buy"}
{"amount": 0.0008, "date": 1653749312, "price": 138352, "tid": 13691265, "type": "sell"}
{"amount": 0.01059716, "date": 1653749312, "price": 138351.6, "tid": 13691266, "type": "sell"}
{"amount": 1.293e-05, "date": 1653749327, "price": 138351.60000001, "tid": 13691267, "type": "buy"}
{"amount": 0.06478822, "date": 1653749331, "price": 138351.6, "tid": 13691268, "type": "sell"}
{"amount": 0.00216839, "date": 1653749331, "price": 138351.60000001, "tid": 13691269, "type": "buy"}
{"amount": 0.01441734, "date": 1653749332, "price": 138351.6, "tid": 13691270, "type": "sell"}
{"amount": 0.00433711, "date": 1653749347, "price": 138340.86672714, "tid": 13691271, "type": "buy"}
{"amount": 0.00216867, "date": 1653749354, "price": 138333.86317288, "tid": 13691272, "type": "buy"}
{"amount": 9.47e-06, "date": 1653749377, "price": 138319.51846, "tid": 13691273, "type": "buy"}
{"amount": 0.00019314, "date": 1653749378, "price": 138319.51846, "tid": 13691274, "type": "buy"}
{"amount": 0.001994, "date": 1653749382, "price": 138164.74584107, "tid": 13691275, "type": "sell"}
{"amount": 0.00165178, "date": 1653749416, "price": 138153.5706006, "tid": 13691276, "type": "sell"}
{"amount": 0.00080865, "date": 1653749430, "price": 138316.83778, "tid": 13691277, "type": "buy"}
{"amount": 0.00144595, "date": 1653749486, "price": 138316.83611, "tid": 13691278, "type": "buy"}
{"amount": 0.0001777, "date": 1653749492, "price": 138319.90453144, "tid": 13691279, "type": "buy"}
{"amount": 7.88e-05, "date": 1653749493, "price": 138319.90453144, "tid": 13691280, "type": "buy"}
{"amount": 9.76e-06, "date": 1653749508, "price": 138316.8361, "tid": 13691281, "type": "buy"}
{"amount": 0.00373136, "date": 1653749520, "price": 138191.40797001, "tid": 13691282, "type": "sell"}
{"amount": 0.0009032, "date": 1653749521, "price": 138153.36804176, "tid": 13691283, "type": "sell"}
{"amount": 0.01445938, "date": 1653749552, "price": 138318.44184662, "tid": 13691284, "type": "buy"}
{"amount": 0.02087, "date": 1653749555, "price": 138152.46208116, "tid": 13691285, "type": "sell"}
{"amount": 0.00075, "date": 1653749555, "price": 138150, "tid": 13691286, "type": "sell"}
{"amount": 0.00043647, "date": 1653749555, "price": 138060.78, "tid": 13691287, "type": "sell"}
{"amount": 0.00724566, "date": 1653749555, "price": 138056.6, "tid": 13691288, "type": "sell"}
{"amount": 0.02153, "date": 1653749555, "price": 137997.03745074, "tid": 13691289, "type": "sell"}
{"amount": 0.09277688, "date": 1653749555, "price": 137854.81786, "tid": 13691290, "type": "sell"}
{"amount": 0.11367, "date": 1653749555, "price": 137854.81784887, "tid": 13691291, "type": "sell"}
{"amount": 0.36592536, "date": 1653749555, "price": 137852.07332117, "tid": 13691292, "type": "sell"}
{"amount": 0.07989548, "date": 1653749555, "price": 137845, "tid": 13691293, "type": "sell"}
{"amount": 0.00015, "date": 1653749707, "price": 138172.85208001, "tid": 13691294, "type": "sell"}
{"amount": 0.00014123, "date": 1653749723, "price": 138172.85208001, "tid": 13691295, "type": "sell"}
{"amount": 5.423e-05, "date": 1653749733, "price": 138293.09881615, "tid": 13691296, "type": "buy"}
{"amount": 0.00217794, "date": 1653749745, "price": 138172.85208001, "tid": 13691297, "type": "sell"}
{"amount": 0.00157918, "date": 1653749756, "price": 138172.85208001, "tid": 13691298, "type": "sell"}
{"amount": 0.0007234, "date": 1653749882, "price": 138235.64668, "tid": 13691299, "type": "buy"}
{"amount": 2.943e-05, "date": 1653749916, "price": 138280.28454183, "tid": 13691300, "type": "buy"}
{"amount": 0.00023189, "date": 1653749987, "price": 138055.50978, "tid": 13691301, "type": "sell"}
{"amount": 0.00361562, "date": 1653749989, "price": 138288.81174775, "tid": 13691302, "type": "buy"}
{"amount": 5.22e-05, "date": 1653749996, "price": 138301.2409598, "tid": 13691303, "type": "buy"}
{"amount": 0.00072326, "date": 1653750034, "price": 138262.01824833, "tid": 13691304, "type": "buy"}
{"amount": 3.398e-05, "date": 1653750069, "price": 138067.31400001, "tid": 13691305, "type": "sell"}
{"amount": 0.03255517, "date": 1653750079, "price": 138226.8535446, "tid": 13691306, "type": "buy"}
{"amount": 0.00204464, "date": 1653750096, "price": 138288.80749372, "tid": 13691307, "type": "buy"}
{"amount": 0.00011122, "date": 1653750102, "price": 138278.84057454, "tid": 13691308, "type": "buy"}
{"amount": 1.055e-05, "date": 1653750128, "price": 138286.42844537, "tid": 13691309, "type": "buy"}
{"amount": 0.00132325, "date": 1653750151, "price": 138227.44450397, "tid": 13691310, "type": "buy"}
{"amount": 0.02170336, "date": 1653750152, "price": 138227.44450396, "tid": 13691311, "type": "buy"}
{"amount": 7.23e-06, "date": 1653750159, "price": 138207.73787757, "tid": 13691312, "type": "buy"}
{"amount": 0.00047073, "date": 1653750178, "price": 138144.56928829, "tid": 13691313, "type": "buy"}
{"amount": 0.00072341, "date": 1653750188, "price": 138233.57023199, "tid": 13691314, "type": "buy"}
{"amount": 3.618e-05, "date": 1653750201, "price": 138184.09507388, "tid": 13691315, "type": "buy"}
{"amount": 0.00024235, "date": 1653750245, "price": 138229.48034722, "tid": 13691316, "type": "buy"}
{"amount": 7.234e-05, "date": 1653750249, "price": 138221.14467, "tid": 13691317, "type": "buy"}
{"amount": 0.0086857, "date": 1653750286, "price": 138157.97545185, "tid": 13691318, "type": "buy"}
{"amount": 0.001, "date": 1653750321, "price": 138059.54096001, "tid": 13691319, "type": "sell"}
{"amount": 0.00282024, "date": 1653750332, "price": 138059.54000001, "tid": 13691320, "type": "sell"}
{"amount": 0.00036176, "date": 1653750333, "price": 138212.66768811, "tid": 13691321, "type": "buy"}
{"amount": 0.00036147, "date": 1653750370, "price": 138323.35228897, "tid": 13691322, "type": "buy"}
{"amount": 7.233e-05, "date": 1653750395, "price": 138236.60840851, "tid": 13691323, "type": "buy"}
{"amount": 0.00036163, "date": 1653750410, "price": 138261.3204722, "tid": 13691324, "type": "buy"}
{"amount": 0.00014877, "date": 1653750425, "price": 138264.18973999, "tid": 13691325, "type": "buy"}
{"amount": 0.00021096, "date": 1653750434, "price": 138318.99985665, "tid": 13691326, "type": "buy"}
{"amount": 0.00011217, "date": 1653750435, "price": 138097.51626001, "tid": 13691327, "type": "sell"}
{"amount": 0.001111, "date": 1653750441, "price": 138097.51632001, "tid": 13691328, "type": "sell"}
{"amount": 6.501e-05, "date": 1653750444, "price": 138265.98692255, "tid": 13691329, "type": "buy"}
{"amount": 0.00010316, "date": 1653750547, "price": 138091.06615526, "tid": 13691330, "type": "sell"}
{"amount": 0.01426358, "date": 1653750565, "price": 138122.58825495, "tid": 13691331, "type": "sell"}
{"amount": 8.676e-05, "date": 1653750591, "price": 138298.46049504, "tid": 13691332, "type": "buy"}
{"amount": 0.00229161, "date": 1653750616, "price": 138059.54007001, "tid": 13691333, "type": "sell"}
{"amount": 0.00144691, "date": 1653750687, "price": 138225.54620117, "tid": 13691334, "type": "buy"}
{"amount": 0.00013876, "date": 1653750700, "price": 138194.27264, "tid": 13691335, "type": "buy"}
{"amount": 3.11e-05, "date": 1653750703, "price": 138059.54005, "tid": 13691336, "type": "sell"}
{"amount": 0.00014773, "date": 1653750725, "price": 138059.54026001, "tid": 13691337, "type": "sell"}
{"amount": 3e-05, "date": 1653750771, "price": 138059.54078, "tid": 13691338, "type": "sell"}
{"amount": 0.00202337, "date": 1653750775, "price": 138200.09616891, "tid": 13691339, "type": "buy"}
{"amount": 0.00039001, "date": 1653750864, "price": 138059.54191001, "tid": 13691340, "type": "sell"}
{"amount": 0.0003617, "date": 1653750910, "price": 138233.05823336, "tid": 13691341, "type": "buy"}
{"amount": 5.74e-05, "date": 1653750928, "price": 138059.54046, "tid": 13691342, "type": "sell"}
{"amount": 1.762e-05, "date": 1653750936, "price": 138059.54056001, "tid": 13691343, "type": "sell"}
{"amount": 6.416e-05, "date": 1653750968, "price": 138233.86298187, "tid": 13691344, "type": "buy"}
{"amount": 0.00018078, "date": 1653751066, "price": 138288.49703753, "tid": 13691345, "type": "buy"}
{"amount": 0.00135495, "date": 1653751072, "price": 138132.81984, "tid": 13691346, "type": "sell"}
{"amount": 7.23e-05, "date": 1653751101, "price": 138301.78871425, "tid": 13691347, "type": "buy"}
{"amount": 0.00361575, "date": 1653751113, "price": 138283.88848991, "tid": 13691348, "type": "buy"}
{"amount": 0.00079575, "date": 1653751130, "price": 138233.95496384, "tid": 13691349, "type": "buy"}
{"amount": 9.518e-05, "date": 1653751246, "price": 138073.20030001, "tid": 13691350, "type": "sell"}
{"amount": 0.00014524, "date": 1653751256, "price": 138073.20045001, "tid": 13691351, "type": "sell"}
{"amount": 0.00070887, "date": 1653751288, "price": 138246.34716885, "tid": 13691352, "type": "buy"}
{"amount": 0.00014399, "date": 1653751304, "price": 138268.18063984, "tid": 13691353, "type": "buy"}
{"amount": 2.169e-05, "date": 1653751335, "price": 138274.76016, "tid": 13691354, "type": "buy"}
{"amount": 7.414e-05, "date": 1653751364, "price": 138109.57724001, "tid": 13691355, "type": "sell"}
{"amount": 9.225e-05, "date": 1653751458, "price": 138315.84741294, "tid": 13691356, "type": "buy"}
{"amount": 5.057e-05, "date": 1653751499, "price": 138132.14077087, "tid": 13691357, "type": "sell"}
{"amount": 0.00723147, "date": 1653751510, "price": 138284.40782708, "tid": 13691358, "type": "buy"}
{"amount": 0.00361402, "date": 1653751520, "price": 138350.01826283, "tid": 13691359, "type": "buy"}
{"amount": 4.078e-05, "date": 1653751606, "price": 138161.46333462, "tid": 13691360, "type": "sell"}
{"amount": 0.00300356, "date": 1653751668, "price": 138184.78520001, "tid": 13691361, "type": "sell"}
{"amount": 0.00172353, "date": 1653751695, "price": 138135.14499287, "tid": 13691362, "type": "sell"}
{"amount": 0.00073016, "date": 1653751703, "price": 138310.30826438, "tid": 13691363, "type": "buy"}
{"amount": 0.0036839, "date": 1653751765, "price": 138187.67992001, "tid": 13691364, "type": "sell"}
{"amount": 0.0010843, "date": 1653751781, "price": 138337.57184, "tid": 13691365, "type": "buy"}
{"amount": 0.00043298, "date": 1653751810, "price": 138341.75327, "tid": 13691366, "type": "buy"}
{"amount": 7.227e-05, "date": 1653751834, "price": 138357, "tid": 13691367, "type": "buy"}
{"amount": 0.00714755, "date": 1653751896, "price": 138357, "tid": 13691368, "type": "buy"}
{"amount": 0.00036138, "date": 1653751913, "price": 138357, "tid": 13691369, "type": "buy"}
{"amount": 0.00807818, "date": 1653751924, "price": 138312.76355001, "tid": 13691370, "type": "sell"}
{"amount": 0.00015539, "date": 1653751942, "price": 138324.66375001, "tid": 13691371, "type": "sell"}
{"amount": 0.0341006, "date": 1653751961, "price": 138357, "tid": 13691372, "type": "buy"}
{"amount": 0.01299016, "date": 1653751979, "price": 138357, "tid": 13691373, "type": "buy"}
{"amount": 0.00063018, "date": 1653751983, "price": 138357, "tid": 13691374, "type": "buy"}
{"amount": 0.19281705, "date": 1653751986, "price": 138357, "tid": 13691375, "type": "buy"}
{"amount": 0.00011564, "date": 1653751990, "price": 138357, "tid": 13691376, "type": "buy"}
{"amount": 0.00215305, "date": 1653751990, "price": 138357, "tid": 13691377, "type": "buy"}
{"amount": 2.327e-05, "date": 1653751993, "price": 138357, "tid": 13691378, "type": "buy"}
{"amount": 0.02685084, "date": 1653751998, "price": 138357, "tid": 13691379, "type": "buy"}
{"amount": 2.311e-05, "date": 1653752030, "price": 138509.06909907, "tid": 13691380, "type": "sell"}
{"amount": 0.00061184, "date": 1653752034, "price": 138728.47954124, "tid": 13691381, "type": "buy"}
{"amount": 0.00019217, "date": 1653752113, "price": 138778.54481434, "tid": 13691382, "type": "buy"}
{"amount": 0.00648574, "date": 1653752117, "price": 138765.88633762, "tid": 13691383, "type": "buy"}
{"amount": 0.00015, "date": 1653752133, "price": 138575.53547001, "tid": 13691384, "type": "sell"}
{"amount": 0.03530176, "date": 1653752146, "price": 138803.24408352, "tid": 13691385, "type": "buy"}
{"amount": 0.00028818, "date": 1653752149, "price": 138800.17190168, "tid": 13691386, "type": "buy"}
{"amount": 1e-05, "date": 1653752150, "price": 138601.98428, "tid": 13691387, "type": "sell"}
{"amount": 0.02067881, "date": 1653752153, "price": 138789.36217155, "tid": 13691388, "type": "buy"}
{"amount": 0.00072228, "date": 1653752180, "price": 138726.8841386, "tid": 13691389, "type": "buy"}
{"amount": 0.00036023, "date": 1653752196, "price": 138798.70903228, "tid": 13691390, "type": "buy"}
{"amount": 3.926e-05, "date": 1653752198, "price": 138614.21522376, "tid": 13691391, "type": "sell"}
{"amount": 2.028e-05, "date": 1653752219, "price": 138614.21536, "tid": 13691392, "type": "sell"}
{"amount": 0.00072076, "date": 1653752223, "price": 138741.82200553, "tid": 13691393, "type": "buy"}
{"amount": 7.2e-06, "date": 1653752240, "price": 138722.96295717, "tid": 13691394, "type": "buy"}
{"amount": 1.247e-05, "date": 1653752247, "price": 138706.5797998, "tid": 13691395, "type": "buy"}
{"amount": 1.441e-05, "date": 1653752280, "price": 138756.71349972, "tid": 13691396, "type": "buy"}
{"amount": 0.0003606, "date": 1653752311, "price": 138654.88963, "tid": 13691397, "type": "buy"}
{"amount": 0.0011, "date": 1653752338, "price": 138697.7283022, "tid": 13691398, "type": "buy"}
{"amount": 0.00142347, "date": 1653752338, "price": 138697.72830221, "tid": 13691399, "type": "buy"}
{"amount": 0.00036049, "date": 1653752341, "price": 138697.72829, "tid": 13691400, "type": "buy"}
{"amount": 0.00108176, "date": 1653752359, "price": 138662.48046071, "tid": 13691401, "type": "buy"}
{"amount": 8.131e-05, "date": 1653752392, "price": 138601.99, "tid": 13691402, "type": "sell"}
{"amount": 0.00101139, "date": 1653752392, "price": 138547.51971001, "tid": 13691403, "type": "sell"}
{"amount": 2.593e-05, "date": 1653752423, "price": 138505.53106001, "tid": 13691404, "type": "sell"}
{"amount": 0.03083, "date": 1653752456, "price": 138565.47051672, "tid": 13691405, "type": "buy"}
{"amount": 0.03148, "date": 1653752456, "price": 138566.47101488, "tid": 13691406, "type": "buy"}
{"amount": 0.10846386, "date": 1653752456, "price": 138678.50466929, "tid": 13691407, "type": "buy"}
{"amount": 0.00437663, "date": 1653752557, "price": 138501.63, "tid": 13691408, "type": "sell"}
{"amount": 0.004, "date": 1653752592, "price": 138524.63074088, "tid": 13691409, "type": "sell"}
{"amount": 0.00072175, "date": 1653752598, "price": 138507.59869, "tid": 13691410, "type": "sell"}
{"amount": 0.00027825, "date": 1653752598, "price": 138507.59868159, "tid": 13691411, "type": "sell"}
{"amount": 0.00082137, "date": 1653752611, "price": 138505.79741877, "tid": 13691412, "type": "sell"}
{"amount": 0.0002525, "date": 1653752637, "price": 138637.69739, "tid": 13691413, "type": "buy"}
{"amount": 0.00263498, "date": 1653752691, "price": 138501.63000001, "tid": 13691414, "type": "sell"}
{"amount": 0.00100328, "date": 1653752694, "price": 138505.82406467, "tid": 13691415, "type": "sell"}
{"amount": 0.00072126, "date": 1653752703, "price": 138644.99585883, "tid": 13691416, "type": "buy"}
{"amount": 7.212e-05, "date": 1653752715, "price": 138640.84829, "tid": 13691417, "type": "buy"}
{"amount": 0.00014807, "date": 1653752768, "price": 138641.50899, "tid": 13691418, "type": "buy"}
{"amount": 0.0401, "date": 1653752778, "price": 138525.33435001, "tid": 13691419, "type": "sell"}
{"amount": 0.00025263, "date": 1653752778, "price": 138525.33435, "tid": 13691420, "type": "sell"}
{"amount": 0.01102078, "date": 1653752778, "price": 138515.77911, "tid": 13691421, "type": "sell"}
{"amount": 0.0367, "date": 1653752811, "price": 138641.50826999, "tid": 13691422, "type": "buy"}
{"amount": 0.10660216, "date": 1653752811, "price": 138641.50827, "tid": 13691423, "type": "buy"}
{"amount": 0.00816742, "date": 1653752811, "price": 138645, "tid": 13691424, "type": "buy"}
{"amount": 0.00071622, "date": 1653752841, "price": 138501.63000001, "tid": 13691425, "type": "sell"}
{"amount": 0.00192582, "date": 1653752844, "price": 138641.99442821, "tid": 13691426, "type": "buy"}
{"amount": 0.00014426, "date": 1653752856, "price": 138638.39164204, "tid": 13691427, "type": "buy"}
{"amount": 0.00028854, "date": 1653752859, "price": 138627.16866267, "tid": 13691428, "type": "buy"}
{"amount": 0.00065468, "date": 1653752867, "price": 138631.89376102, "tid": 13691429, "type": "buy"}
{"amount": 0.00432798, "date": 1653752903, "price": 138641.98280108, "tid": 13691430, "type": "buy"}
{"amount": 0.0007216, "date": 1653752944, "price": 138579.85783788, "tid": 13691431, "type": "buy"}
{"amount": 4.868e-05, "date": 1653752955, "price": 138501.63000001, "tid": 13691432, "type": "sell"}
{"amount": 0.00504897, "date": 1653753052, "price": 138638.16343279, "tid": 13691433, "type": "buy"}
{"amount": 0.00072137, "date": 1653753059, "price": 138624.15645855, "tid": 13691434, "type": "buy"}
{"amount": 0.00071633, "date": 1653753076, "price": 138501.63000001, "tid": 13691435, "type": "sell"}
{"amount": 2.099e-05, "date": 1653753082, "price": 138636.04594845, "tid": 13691436, "type": "buy"}
{"amount": 0.01081923, "date": 1653753091, "price": 138642, "tid": 13691437, "type": "buy"}
{"amount": 6.19e-05, "date": 1653753092, "price": 138524.87058, "tid": 13691438, "type": "sell"}
{"amount": 0.00018029, "date": 1653753121, "price": 138662.99994, "tid": 13691439, "type": "buy"}
{"amount": 0.00027574, "date": 1653753214, "price": 138749.80858, "tid": 13691440, "type": "buy"}
{"amount": 0.00086527, "date": 1653753309, "price": 138719.39753842, "tid": 13691441, "type": "buy"}
{"amount": 5.046e-05, "date": 1653753318, "price": 138702.63031957, "tid": 13691442, "type": "buy"}
{"amount": 7.57e-05, "date": 1653753319, "price": 138699.66145004, "tid": 13691443, "type": "buy"}
{"amount": 0.00079069, "date": 1653753340, "price": 138738.99162609, "tid": 13691444, "type": "buy"}
{"amount": 0.00051579, "date": 1653753345, "price": 138557.82101599, "tid": 13691445, "type": "sell"}
{"amount": 0.00072082, "date": 1653753389, "price": 138730.31427743, "tid": 13691446, "type": "buy"}
{"amount": 3.803e-05, "date": 1653753427, "price": 138501.63, "tid": 13691447, "type": "sell"}
{"amount": 0.0136948, "date": 1653753449, "price": 138620.39918802, "tid": 13691448, "type": "buy"}
{"amount": 0.000203, "date": 1653753453, "price": 138614.03732471, "tid": 13691449, "type": "buy"}
{"amount": 0.00013377, "date": 1653753493, "price": 138590.33408835, "tid": 13691450, "type": "buy"}
{"amount": 9.712e-05, "date": 1653753522, "price": 138585.63142466, "tid": 13691451, "type": "buy"}
{"amount": 0.00072154, "date": 1653753522, "price": 138590.88050234, "tid": 13691452, "type": "buy"}
{"amount": 0.00360789, "date": 1653753540, "price": 138585.07352308, "tid": 13691453, "type": "buy"}
{"amount": 7.21e-06, "date": 1653753563, "price": 138574.61080572, "tid": 13691454, "type": "buy"}
{"amount": 0.0011239, "date": 1653753616, "price": 138587.82942026, "tid": 13691455, "type": "buy"}
{"amount": 0.00215565, "date": 1653753626, "price": 138501.63, "tid": 13691456, "type": "sell"}
{"amount": 0.01074358, "date": 1653753626, "price": 138416.20750199, "tid": 13691457, "type": "sell"}
{"amount": 0.00046194, "date": 1653753672, "price": 138293.78196392, "tid": 13691458, "type": "sell"}
{"amount": 0.000902, "date": 1653753744, "price": 138451, "tid": 13691459, "type": "buy"}
{"amount": 0.00722291, "date": 1653753746, "price": 138451, "tid": 13691460, "type": "buy"}
{"amount": 7.36e-06, "date": 1653753795, "price": 138483.75196, "tid": 13691461, "type": "buy"}
{"amount": 0.00285391, "date": 1653753806, "price": 138476.59768338, "tid": 13691462, "type": "buy"}
{"amount": 0.00104647, "date": 1653753868, "price": 138378.67365508, "tid": 13691463, "type": "sell"}
{"amount": 0.00036104, "date": 1653753890, "price": 138488, "tid": 13691464, "type": "buy"}
{"amount": 0.00038992, "date": 1653753891, "price": 138488, "tid": 13691465, "type": "buy"}
{"amount": 0.00069885, "date": 1653753931, "price": 138413.05192, "tid": 13691466, "type": "sell"}
{"amount": 0.0525619, "date": 1653753953, "price": 138447.59564, "tid": 13691467, "type": "sell"}
{"amount": 0.00043306, "date": 1653753954, "price": 138547.43694956, "tid": 13691468, "type": "buy"}
{"amount": 3.608e-05, "date": 1653754027, "price": 138549.9422707, "tid": 13691469, "type": "buy"}
{"amount": 0.00085739, "date": 1653754070, "price": 138392.05666001, "tid": 13691470, "type": "sell"}
{"amount": 0.00108261, "date": 1653754093, "price": 138553.99992999, "tid": 13691471, "type": "buy"}
{"amount": 0.00018996, "date": 1653754213, "price": 138549.93998999, "tid": 13691472, "type": "buy"}
{"amount": 0.005, "date": 1653754307, "price": 138469.51934825, "tid": 13691473, "type": "sell"}
{"amount": 0.00904354, "date": 1653754308, "price": 138469.51934825, "tid": 13691474, "type": "sell"}
{"amount": 0.00061354, "date": 1653754314, "price": 138539.65769, "tid": 13691475, "type": "buy"}
{"amount": 9.023e-05, "date": 1653754334, "price": 138469.51944001, "tid": 13691476, "type": "sell"}
{"amount": 0.00768973, "date": 1653754343, "price": 138469.51944001, "tid": 13691477, "type": "sell"}
{"amount": 0.00072174, "date": 1653754347, "price": 138553.99999, "tid": 13691478, "type": "buy"}
{"amount": 1e-05, "date": 1653754358, "price": 138500, "tid": 13691479, "type": "buy"}
{"amount": 9.826e-05, "date": 1653754358, "price": 138554, "tid": 13691480, "type": "buy"}
{"amount": 0.00363432, "date": 1653754388, "price": 138425.87553222, "tid": 13691481, "type": "sell"}
{"amount": 0.0144, "date": 1653754402, "price": 138593.7610936, "tid": 13691482, "type": "buy"}
{"amount": 0.02083, "date": 1653754402, "price": 138593.76109361, "tid": 13691483, "type": "buy"}
{"amount": 0.0030112, "date": 1653754402, "price": 138596.21717971, "tid": 13691484, "type": "buy"}
{"amount": 1.804e-05, "date": 1653754435, "price": 138556.7780458, "tid": 13691485, "type": "buy"}
{"amount": 0.00018044, "date": 1653754444, "price": 138545.3524546, "tid": 13691486, "type": "buy"}
{"amount": 0.00704875, "date": 1653754446, "price": 138326.35550803, "tid": 13691487, "type": "sell"}
{"amount": 0.00111661, "date": 1653754569, "price": 138374.4982316, "tid": 13691488, "type": "sell"}
{"amount": 0.00010606, "date": 1653754570, "price": 138377.45059732, "tid": 13691489, "type": "sell"}
{"amount": 0.00010252, "date": 1653754588, "price": 138373.96532452, "tid": 13691490, "type": "sell"}
{"amount": 0.0067, "date": 1653754594, "price": 138519.50091999, "tid": 13691491, "type": "buy"}
{"amount": 0.05127275, "date": 1653754594, "price": 138519.50092, "tid": 13691492, "type": "buy"}
{"amount": 0.04401387, "date": 1653754594, "price": 138519.50093, "tid": 13691493, "type": "buy"}
{"amount": 0.0445604, "date": 1653754594, "price": 138528, "tid": 13691494, "type": "buy"}
{"amount": 0.00018772, "date": 1653754595, "price": 138503.78414345, "tid": 13691495, "type": "buy"}
{"amount": 0.00010169, "date": 1653754634, "price": 138446.99999999, "tid": 13691496, "type": "buy"}
{"amount": 0.0005, "date": 1653754712, "price": 138446.99999999, "tid": 13691497, "type": "buy"}
{"amount": 0.00130574, "date": 1653754712, "price": 138447, "tid": 13691498, "type": "buy"}
{"amount": 2.326e-05, "date": 1653754759, "price": 138297.48811344, "tid": 13691499, "type": "sell"}
{"amount": 0.00104002, "date": 1653754760, "price": 138297.48811344, "tid": 13691500, "type": "sell"}
{"amount": 0.00119823, "date": 1653754767, "price": 138307.78413576, "tid": 13691501, "type": "sell"}
{"amount": 1.15e-05, "date": 1653754845, "price": 138449, "tid": 13691502, "type": "buy"}
{"amount": 0.00090261, "date": 1653754856, "price": 138486, "tid": 13691503, "type": "buy"}
{"amount": 0.00020813, "date": 1653754918, "price": 138458.55762001, "tid": 13691504, "type": "sell"}
{"amount": 0.00722, "date": 1653754921, "price": 138504, "tid": 13691505, "type": "buy"}
{"amount": 0.00086662, "date": 1653754967, "price": 138468.36, "tid": 13691506, "type": "sell"}
{"amount": 0.00079092, "date": 1653754967, "price": 138355.19935, "tid": 13691507, "type": "sell"}
{"amount": 4.828e-05, "date": 1653754967, "price": 138546.61788121, "tid": 13691508, "type": "buy"}
{"amount": 0.00023457, "date": 1653754974, "price": 138549.99999999, "tid": 13691509, "type": "buy"}
{"amount": 0.00022028, "date": 1653754981, "price": 138549.99999999, "tid": 13691510, "type": "buy"}
{"amount": 7.21e-06, "date": 1653755010, "price": 138549.99999999, "tid": 13691511, "type": "buy"}
{"amount": 2.887e-05, "date": 1653755095, "price": 138552, "tid": 13691512, "type": "buy"}
{"amount": 7.76e-05, "date": 1653755116, "price": 138536.75378818, "tid": 13691513, "type": "sell"}
{"amount": 3.551e-05, "date": 1653755124, "price": 138552, "tid": 13691514, "type": "buy"}
{"amount": 0.00148097, "date": 1653755124, "price": 138552, "tid": 13691515, "type": "buy"}
{"amount": 0.00036, "date": 1653755132, "price": 138566.70853678, "tid": 13691516, "type": "sell"}
{"amount": 0.0013, "date": 1653755152, "price": 138726.80323999, "tid": 13691517, "type": "buy"}
{"amount": 0.00014168, "date": 1653755152, "price": 138726.80324, "tid": 13691518, "type": "buy"}
{"amount": 0.00036041, "date": 1653755158, "price": 138729, "tid": 13691519, "type": "buy"}
{"amount": 1.722e-05, "date": 1653755176, "price": 138737.11219465, "tid": 13691520, "type": "buy"}
{"amount": 7.758e-05, "date": 1653755197, "price": 138572.36300616, "tid": 13691521, "type": "sell"}
{"amount": 5.46e-05, "date": 1653755278, "price": 138583.14866001, "tid": 13691522, "type": "sell"}
{"amount": 2.587e-05, "date": 1653755303, "price": 138622.48341324, "tid": 13691523, "type": "sell"}
{"amount": 0.00014479, "date": 1653755304, "price": 138622.59532772, "tid": 13691524, "type": "sell"}
{"amount": 1.146e-05, "date": 1653755312, "price": 138734.53481, "tid": 13691525, "type": "buy"}
{"amount": 4.065e-05, "date": 1653755313, "price": 138734.53481, "tid": 13691526, "type": "buy"}
{"amount": 0.0007255, "date": 1653755327, "price": 138659.71849001, "tid": 13691527, "type": "sell"}
{"amount": 0.00072076, "date": 1653755444, "price": 138740.99999, "tid": 13691528, "type": "buy"}
{"amount": 0.0005605, "date": 1653755473, "price": 138736.97625, "tid": 13691529, "type": "buy"}
{"amount": 0.00052066, "date": 1653755473, "price": 138741, "tid": 13691530, "type": "buy"}
{"amount": 0.00040699, "date": 1653755534, "price": 138772.99999999, "tid": 13691531, "type": "buy"}
{"amount": 0.00072067, "date": 1653755544, "price": 138773, "tid": 13691532, "type": "buy"}
{"amount": 5.39e-05, "date": 1653755572, "price": 138760.73800416, "tid": 13691533, "type": "buy"}
{"amount": 0.0001576, "date": 1653755590, "price": 138763, "tid": 13691534, "type": "buy"}
{"amount": 0.02474, "date": 1653755634, "price": 138675.60658197, "tid": 13691535, "type": "sell"}
{"amount": 0.00794732, "date": 1653755634, "price": 138674.01315716, "tid": 13691536, "type": "sell"}
{"amount": 0.0001441, "date": 1653755638, "price": 138786, "tid": 13691537, "type": "buy"}
{"amount": 0.00015129, "date": 1653755677, "price": 138801, "tid": 13691538, "type": "buy"}
{"amount": 1.08e-05, "date": 1653755706, "price": 138800, "tid": 13691539, "type": "buy"}
{"amount": 0.00019582, "date": 1653755729, "price": 138705.11984, "tid": 13691540, "type": "sell"}
{"amount": 0.00082081, "date": 1653755811, "price": 138591.7544944, "tid": 13691541, "type": "sell"}
{"amount": 0.0008, "date": 1653755832, "price": 138626.34087259, "tid": 13691542, "type": "sell"}
{"amount": 0.0008, "date": 1653755844, "price": 138781.44377999, "tid": 13691543, "type": "buy"}
{"amount": 0.00460347, "date": 1653755844, "price": 138802.7146971, "tid": 13691544, "type": "buy"}
{"amount": 5.478e-05, "date": 1653755860, "price": 138718.98762, "tid": 13691545, "type": "buy"}
{"amount": 8.613e-05, "date": 1653755869, "price": 138593.40310277, "tid": 13691546, "type": "sell"}
{"amount": 0.00014099, "date": 1653755872, "price": 138718.92237, "tid": 13691547, "type": "buy"}
{"amount": 0.00061592, "date": 1653755872, "price": 138722, "tid": 13691548, "type": "buy"}
{"amount": 2.94e-05, "date": 1653755876, "price": 138722, "tid": 13691549, "type": "buy"}
{"amount": 0.0004321, "date": 1653755903, "price": 138582.15951222, "tid": 13691550, "type": "sell"}
{"amount": 0.0004321, "date": 1653755909, "price": 138584.93605, "tid": 13691551, "type": "sell"}
{"amount": 6.409e-05, "date": 1653755942, "price": 138694.5002068, "tid": 13691552, "type": "buy"}
{"amount": 0.0004, "date": 1653755972, "price": 138700.67175795, "tid": 13691553, "type": "buy"}
{"amount": 0.00320488, "date": 1653755972, "price": 138700.67175796, "tid": 13691554, "type": "buy"}
{"amount": 9.236e-05, "date": 1653755989, "price": 138568.67330182, "tid": 13691555, "type": "sell"}
{"amount": 0.00036047, "date": 1653755998, "price": 138705, "tid": 13691556, "type": "buy"}
{"amount": 1.932e-05, "date": 1653756002, "price": 138705, "tid": 13691557, "type": "buy"}
{"amount": 0.00075162, "date": 1653756014, "price": 138585.39093948, "tid": 13691558, "type": "sell"}
{"amount": 0.0009, "date": 1653756098, "price": 138585.39, "tid": 13691559, "type": "buy"}
{"amount": 0.00132838, "date": 1653756126, "price": 138716.99999, "tid": 13691560, "type": "buy"}
{"amount": 0.00191563, "date": 1653756126, "price": 138717, "tid": 13691561, "type": "buy"}
{"amount": 0.00170845, "date": 1653756131, "price": 138529.48757713, "tid": 13691562, "type": "sell"}
{"amount": 0.00019843, "date": 1653756154, "price": 138585.39, "tid": 13691563, "type": "buy"}
{"amount": 7.21e-06, "date": 1653756171, "price": 138585.39, "tid": 13691564, "type": "buy"}
{"amount": 1.111e-05, "date": 1653756195, "price": 138585.39, "tid": 13691565, "type": "buy"}
{"amount": 0.00015584, "date": 1653756196, "price": 138555.18523001, "tid": 13691566, "type": "sell"}
{"amount": 7.237e-05, "date": 1653756219, "price": 138555.18523001, "tid": 13691567, "type": "sell"}
{"amount": 1.702e-05, "date": 1653756246, "price": 138585.39, "tid": 13691568, "type": "buy"}
{"amount": 0.00218, "date": 1653756258, "price": 138555.18523001, "tid": 13691569, "type": "sell"}
{"amount": 0.00176623, "date": 1653756276, "price": 138585.39, "tid": 13691570, "type": "buy"}
{"amount": 0.00544746, "date": 1653756276, "price": 138638, "tid": 13691571, "type": "buy"}
{"amount": 0.00072119, "date": 1653756305, "price": 138658.63220105, "tid": 13691572, "type": "buy"}
{"amount": 7.168e-05, "date": 1653756328, "price": 138665.99999999, "tid": 13691573, "type": "buy"}
{"amount": 0.00014351, "date": 1653756329, "price": 138661.76419529, "tid": 13691574, "type": "buy"}
{"amount": 8.113e-05, "date": 1653756330, "price": 138661.76419528, "tid": 13691575, "type": "buy"}
{"amount": 0.00032821, "date": 1653756337, "price": 138659.45326203, "tid": 13691576, "type": "buy"}
{"amount": 0.000113, "date": 1653756338, "price": 138661.88382007, "tid": 13691577, "type": "buy"}
{"amount": 0.00026435, "date": 1653756346, "price": 138514.61968001, "tid": 13691578, "type": "sell"}
{"amount": 0.00054889, "date": 1653756404, "price": 138494.46645, "tid": 13691579, "type": "sell"}
{"amount": 0.0064, "date": 1653756426, "price": 138534.2541196, "tid": 13691580, "type": "sell"}
{"amount": 0.01956617, "date": 1653756435, "price": 138539.58868, "tid": 13691581, "type": "sell"}
{"amount": 0.00100964, "date": 1653756436, "price": 138662.38406914, "tid": 13691582, "type": "buy"}
{"amount": 0.0032, "date": 1653756438, "price": 138665.99999999, "tid": 13691583, "type": "buy"}
{"amount": 0.00331832, "date": 1653756438, "price": 138666, "tid": 13691584, "type": "buy"}
{"amount": 0.0214, "date": 1653756468, "price": 138672.82301136, "tid": 13691585, "type": "buy"}
{"amount": 0.01465581, "date": 1653756468, "price": 138675.47106899, "tid": 13691586, "type": "buy"}
{"amount": 0.01802724, "date": 1653756472, "price": 138679, "tid": 13691587, "type": "buy"}
{"amount": 5.894e-05, "date": 1653756475, "price": 138515.75276135, "tid": 13691588, "type": "sell"}
{"amount": 0.00293381, "date": 1653756551, "price": 138452.23145098, "tid": 13691589, "type": "sell"}
{"amount": 0.00013823, "date": 1653756563, "price": 138533.76, "tid": 13691590, "type": "buy"}
{"amount": 0.00626177, "date": 1653756565, "price": 138533.76, "tid": 13691591, "type": "buy"}
{"amount": 0.01537892, "date": 1653756565, "price": 138666, "tid": 13691592, "type": "buy"}
{"amount": 0.01081735, "date": 1653756573, "price": 138666, "tid": 13691593, "type": "buy"}
{"amount": 5.706e-05, "date": 1653756611, "price": 138623.74439569, "tid": 13691594, "type": "buy"}
{"amount": 0.00028852, "date": 1653756636, "price": 138635, "tid": 13691595, "type": "buy"}
{"amount": 0.00012345, "date": 1653756694, "price": 138594, "tid": 13691596, "type": "buy"}
{"amount": 0.027, "date": 1653756702, "price": 138613.37945529, "tid": 13691597, "type": "sell"}
{"amount": 0.10658279, "date": 1653756702, "price": 138610.36848, "tid": 13691598, "type": "sell"}
{"amount": 0.0259, "date": 1653756702, "price": 138609.60639585, "tid": 13691599, "type": "sell"}
{"amount": 0.00023068, "date": 1653756707, "price": 138889.22242344, "tid": 13691600, "type": "buy"}
{"amount": 0.00106604, "date": 1653756726, "price": 138429.99518361, "tid": 13691601, "type": "sell"}
{"amount": 0.00144369, "date": 1653756744, "price": 138533.82735026, "tid": 13691602, "type": "buy"}
{"amount": 0.00044, "date": 1653756780, "price": 138542.58712867, "tid": 13691603, "type": "buy"}
{"amount": 0.00216523, "date": 1653756788, "price": 138553, "tid": 13691604, "type": "buy"}
{"amount": 7.21e-06, "date": 1653756810, "price": 138556.99993999, "tid": 13691605, "type": "buy"}
{"amount": 0.0011, "date": 1653756821, "price": 138554.29749746, "tid": 13691606, "type": "buy"}
{"amount": 0.00194857, "date": 1653756821, "price": 138554.29749747, "tid": 13691607, "type": "buy"}
{"amount": 8.66e-06, "date": 1653756822, "price": 138554.29749747, "tid": 13691608, "type": "buy"}
{"amount": 8.95e-06, "date": 1653756895, "price": 138311.13817315, "tid": 13691609, "type": "sell"}
{"amount": 0.02194196, "date": 1653756908, "price": 138325.4576798, "tid": 13691610, "type": "sell"}
{"amount": 0.0007366, "date": 1653756986, "price": 138473, "tid": 13691611, "type": "buy"}
{"amount": 0.00073145, "date": 1653757010, "price": 138265.6857, "tid": 13691612, "type": "sell"}
{"amount": 0.00357091, "date": 1653757039, "price": 138205.99714392, "tid": 13691613, "type": "sell"}
{"amount": 7.22e-06, "date": 1653757065, "price": 138386.6389369, "tid": 13691614, "type": "buy"}
{"amount": 0.00192336, "date": 1653757130, "price": 138287.4920884, "tid": 13691615, "type": "buy"}
{"amount": 0.00032709, "date": 1653757152, "price": 138339.30939649, "tid": 13691616, "type": "buy"}
{"amount": 0.00072346, "date": 1653757194, "price": 138224.76780759, "tid": 13691617, "type": "buy"}
{"amount": 0.00014834, "date": 1653757239, "price": 138261.71426155, "tid": 13691618, "type": "buy"}
{"amount": 0.00014328, "date": 1653757303, "price": 138000.00000001, "tid": 13691619, "type": "sell"}
{"amount": 9.77e-06, "date": 1653757329, "price": 138159.26234039, "tid": 13691620, "type": "buy"}
{"amount": 0.00045055, "date": 1653757425, "price": 138000, "tid": 13691621, "type": "sell"}
{"amount": 0.0003619, "date": 1653757426, "price": 138157.01662828, "tid": 13691622, "type": "buy"}
{"amount": 2.739e-05, "date": 1653757440, "price": 138000, "tid": 13691623, "type": "sell"}
{"amount": 8.685e-05, "date": 1653757459, "price": 138167.69444999, "tid": 13691624, "type": "buy"}
{"amount": 0.00025447, "date": 1653757461, "price": 138000, "tid": 13691625, "type": "sell"}
{"amount": 0.0014478, "date": 1653757491, "price": 138140.22442127, "tid": 13691626, "type": "buy"}
{"amount": 0.00072411, "date": 1653757557, "price": 138099.47593864, "tid": 13691627, "type": "buy"}
{"amount": 5.999e-05, "date": 1653757618, "price": 138082.7794361, "tid": 13691628, "type": "buy"}
{"amount": 0.0026854, "date": 1653757622, "price": 138000.00000001, "tid": 13691629, "type": "sell"}
{"amount": 0.00014251, "date": 1653757638, "price": 138000.00000001, "tid": 13691630, "type": "sell"}
{"amount": 5.997e-05, "date": 1653757642, "price": 138127.20849043, "tid": 13691631, "type": "buy"}
{"amount": 0.00036213, "date": 1653757646, "price": 138069.47510904, "tid": 13691632, "type": "buy"}
{"amount": 7.238e-05, "date": 1653757658, "price": 138148.24070176, "tid": 13691633, "type": "buy"}
{"amount": 0.00359738, "date": 1653757679, "price": 138139.42263006, "tid": 13691634, "type": "buy"}
{"amount": 0.0019642, "date": 1653757753, "price": 138000.00000001, "tid": 13691635, "type": "buy"}
{"amount": 0.00326759, "date": 1653757754, "price": 138000, "tid": 13691636, "type": "sell"}
{"amount": 0.00012966, "date": 1653757765, "price": 137900, "tid": 13691637, "type": "sell"}
{"amount": 7.24e-06, "date": 1653757774, "price": 137963.93662999, "tid": 13691638, "type": "buy"}
{"amount": 0.00032481, "date": 1653757807, "price": 137900, "tid": 13691639, "type": "sell"}
{"amount": 0.00072481, "date": 1653757840, "price": 137965.29008892, "tid": 13691640, "type": "buy"}
{"amount": 0.0017, "date": 1653757844, "price": 137900, "tid": 13691641, "type": "sell"}
{"amount": 0.00025372, "date": 1653757883, "price": 137944.09464955, "tid": 13691642, "type": "buy"}
{"amount": 0.0005321, "date": 1653757893, "price": 137900.00000001, "tid": 13691643, "type": "sell"}
{"amount": 6e-05, "date": 1653757913, "price": 137900.00000001, "tid": 13691644, "type": "sell"}
{"amount": 0.00032238, "date": 1653757921, "price": 137970.11111956, "tid": 13691645, "type": "buy"}
{"amount": 0.00032013, "date": 1653757937, "price": 137900.00000001, "tid": 13691646, "type": "sell"}
{"amount": 0.00059958, "date": 1653757963, "price": 137900.00000001, "tid": 13691647, "type": "sell"}
{"amount": 0.00217455, "date": 1653757975, "price": 137959.3414, "tid": 13691648, "type": "buy"}
{"amount": 0.01284553, "date": 1653758022, "price": 137900, "tid": 13691649, "type": "sell"}
{"amount": 0.00013789, "date": 1653758056, "price": 137845.00000001, "tid": 13691650, "type": "sell"}
{"amount": 0.00072514, "date": 1653758086, "price": 137903.0707473, "tid": 13691651, "type": "buy"}
{"amount": 0.00036253, "date": 1653758108, "price": 137917.61588, "tid": 13691652, "type": "buy"}
{"amount": 0.0017, "date": 1653758118, "price": 137845, "tid": 13691653, "type": "sell"}
{"amount": 0.00362505, "date": 1653758124, "price": 137931.59906, "tid": 13691654, "type": "buy"}
{"amount": 0.02, "date": 1653758170, "price": 137999.99, "tid": 13691655, "type": "buy"}
{"amount": 0.02183482, "date": 1653758172, "price": 138000, "tid": 13691656, "type": "buy"}
{"amount": 0.01489044, "date": 1653758172, "price": 138000, "tid": 13691657, "type": "buy"}
{"amount": 0.00014279, "date": 1653758210, "price": 138043.60983133, "tid": 13691658, "type": "sell"}
{"amount": 7.22e-06, "date": 1653758225, "price": 138419.0951366, "tid": 13691659, "type": "buy"}
{"amount": 0.0039, "date": 1653758280, "price": 138170.15195468, "tid": 13691660, "type": "buy"}
{"amount": 0.01577458, "date": 1653758280, "price": 138170.15195469, "tid": 13691661, "type": "buy"}
{"amount": 0.0013, "date": 1653758337, "price": 138249.64443698, "tid": 13691662, "type": "buy"}
{"amount": 0.00086998, "date": 1653758337, "price": 138249.64443699, "tid": 13691663, "type": "buy"}
{"amount": 0.00036183, "date": 1653758411, "price": 138186.03995, "tid": 13691664, "type": "buy"}
{"amount": 7.23e-06, "date": 1653758420, "price": 138186.03995, "tid": 13691665, "type": "buy"}
{"amount": 0.00013223, "date": 1653758429, "price": 138186.03995, "tid": 13691666, "type": "buy"}
{"amount": 0.00054976, "date": 1653758468, "price": 138186.03, "tid": 13691667, "type": "buy"}
{"amount": 0.00019538, "date": 1653758481, "price": 138186.03, "tid": 13691668, "type": "buy"}
{"amount": 0.00033524, "date": 1653758496, "price": 138073.31832537, "tid": 13691669, "type": "sell"}
{"amount": 0.00015486, "date": 1653758499, "price": 138186.03, "tid": 13691670, "type": "buy"}
{"amount": 0.0001613, "date": 1653758499, "price": 138186.03995, "tid": 13691671, "type": "buy"}
{"amount": 0.00018091, "date": 1653758552, "price": 138186.04, "tid": 13691672, "type": "buy"}
{"amount": 0.00036183, "date": 1653758561, "price": 138186.04, "tid": 13691673, "type": "buy"}
{"amount": 0.00050094, "date": 1653758606, "price": 138106.47757693, "tid": 13691674, "type": "sell"}
{"amount": 0.00021529, "date": 1653758656, "price": 137993.58279641, "tid": 13691675, "type": "sell"}
{"amount": 1.351e-05, "date": 1653758697, "price": 137868.27403205, "tid": 13691676, "type": "sell"}
{"amount": 0.00013131, "date": 1653758708, "price": 137845.00005002, "tid": 13691677, "type": "sell"}
{"amount": 7.649e-05, "date": 1653758763, "price": 138054.6444758, "tid": 13691678, "type": "buy"}
{"amount": 7.246e-05, "date": 1653758791, "price": 137997.69035891, "tid": 13691679, "type": "buy"}
{"amount": 0.0023, "date": 1653758804, "price": 137845, "tid": 13691680, "type": "sell"}
{"amount": 0.0008254, "date": 1653758804, "price": 137844.00005, "tid": 13691681, "type": "sell"}
{"amount": 0.04395261, "date": 1653758804, "price": 137716.83735479, "tid": 13691682, "type": "sell"}
{"amount": 3.667e-05, "date": 1653758804, "price": 137973.57304681, "tid": 13691683, "type": "buy"}
{"amount": 0.00072462, "date": 1653758858, "price": 138001.65984439, "tid": 13691684, "type": "buy"}
{"amount": 0.0002, "date": 1653758865, "price": 137803.8719502, "tid": 13691685, "type": "sell"}
{"amount": 0.02295, "date": 1653758875, "price": 137982.48179764, "tid": 13691686, "type": "buy"}
{"amount": 0.01988086, "date": 1653758875, "price": 138009.74534, "tid": 13691687, "type": "buy"}
{"amount": 0.00387262, "date": 1653758875, "price": 138014.80769521, "tid": 13691688, "type": "buy"}
{"amount": 0.00020502, "date": 1653758886, "price": 137807.22302797, "tid": 13691689, "type": "sell"}
{"amount": 7.24e-06, "date": 1653758904, "price": 138009.94657915, "tid": 13691690, "type": "buy"}
{"amount": 0.00543416, "date": 1653758954, "price": 138015.7918809, "tid": 13691691, "type": "buy"}
{"amount": 0.00072463, "date": 1653758990, "price": 138001.39293, "tid": 13691692, "type": "buy"}
{"amount": 4.348e-05, "date": 1653759002, "price": 137982.64445476, "tid": 13691693, "type": "buy"}
{"amount": 0.00046894, "date": 1653759044, "price": 137880.61424001, "tid": 13691694, "type": "sell"}
{"amount": 0.00732414, "date": 1653759053, "price": 137902.11215213, "tid": 13691695, "type": "sell"}
{"amount": 0.00014483, "date": 1653759057, "price": 138096.09586999, "tid": 13691696, "type": "buy"}
{"amount": 2.172e-05, "date": 1653759085, "price": 138095.90010999, "tid": 13691697, "type": "buy"}
{"amount": 0.0017018, "date": 1653759098, "price": 138088.89119999, "tid": 13691698, "type": "buy"}
{"amount": 0.00072415, "date": 1653759161, "price": 138092.63220105, "tid": 13691699, "type": "buy"}
{"amount": 0.0005166, "date": 1653759195, "price": 137975.3447743, "tid": 13691700, "type": "sell"}
{"amount": 0.00023401, "date": 1653759203, "price": 137984.23389584, "tid": 13691701, "type": "sell"}
{"amount": 0.00072411, "date": 1653759211, "price": 138100, "tid": 13691702, "type": "buy"}
{"amount": 0.00036174, "date": 1653759219, "price": 138219.75102399, "tid": 13691703, "type": "buy"}
{"amount": 0.00099345, "date": 1653759247, "price": 138154.07114326, "tid": 13691704, "type": "buy"}
{"amount": 0.00011489, "date": 1653759383, "price": 137909.74958086, "tid": 13691705, "type": "sell"}
{"amount": 0.00072395, "date": 1653759406, "price": 138130.9991282, "tid": 13691706, "type": "buy"}
{"amount": 0.00039723, "date": 1653759407, "price": 138130.9991282, "tid": 13691707, "type": "buy"}
{"amount": 0.00072394, "date": 1653759425, "price": 138131.11528835, "tid": 13691708, "type": "buy"}
{"amount": 0.00289563, "date": 1653759429, "price": 138139.02159624, "tid": 13691709, "type": "buy"}
{"amount": 7.424e-05, "date": 1653759431, "price": 137864.65182096, "tid": 13691710, "type": "sell"}
{"amount": 0.00442157, "date": 1653759446, "price": 137888.71839785, "tid": 13691711, "type": "sell"}
{"amount": 0.0018098, "date": 1653759452, "price": 138136.48686101, "tid": 13691712, "type": "buy"}
{"amount": 9.41e-05, "date": 1653759456, "price": 138139.44142239, "tid": 13691713, "type": "buy"}
{"amount": 0.00061428, "date": 1653759481, "price": 137883.38862286, "tid": 13691714, "type": "sell"}
{"amount": 0.00015538, "date": 1653759487, "price": 138045.3757693, "tid": 13691715, "type": "buy"}
{"amount": 0.001, "date": 1653759518, "price": 138070.13589497, "tid": 13691716, "type": "buy"}
{"amount": 0.00102795, "date": 1653759518, "price": 138070.13589498, "tid": 13691717, "type": "buy"}
{"amount": 0.0007243, "date": 1653759527, "price": 138064.11658795, "tid": 13691718, "type": "buy"}
{"amount": 0.0003574, "date": 1653759558, "price": 138078.2268801, "tid": 13691719, "type": "buy"}
{"amount": 0.0001, "date": 1653759561, "price": 137845.7354938, "tid": 13691720, "type": "sell"}
{"amount": 0.00071495, "date": 1653759599, "price": 138036.87296732, "tid": 13691721, "type": "buy"}
{"amount": 0.00144949, "date": 1653759610, "price": 137979.25008226, "tid": 13691722, "type": "buy"}
{"amount": 0.00724801, "date": 1653759619, "price": 137969.00583783, "tid": 13691723, "type": "buy"}
{"amount": 0.00074014, "date": 1653759625, "price": 137985.94906, "tid": 13691724, "type": "buy"}
{"amount": 0.00048873, "date": 1653759639, "price": 137989.99999, "tid": 13691725, "type": "buy"}
{"amount": 5.529e-05, "date": 1653759642, "price": 137989.99999, "tid": 13691726, "type": "buy"}
{"amount": 0.00036234, "date": 1653759712, "price": 137989.99999, "tid": 13691727, "type": "buy"}
{"amount": 0.00143339, "date": 1653759771, "price": 137804.04750001, "tid": 13691728, "type": "sell"}
{"amount": 0.00014494, "date": 1653759781, "price": 137983.12157515, "tid": 13691729, "type": "buy"}
{"amount": 0.00101101, "date": 1653759819, "price": 137886.50821001, "tid": 13691730, "type": "sell"}
{"amount": 0.00028987, "date": 1653759840, "price": 137989.99999, "tid": 13691731, "type": "buy"}
{"amount": 0.0072469, "date": 1653759884, "price": 137989.99999, "tid": 13691732, "type": "buy"}
{"amount": 0.00036234, "date": 1653759924, "price": 137989.99999, "tid": 13691733, "type": "buy"}
{"amount": 3.621e-05, "date": 1653760004, "price": 138067.23918727, "tid": 13691734, "type": "buy"}
{"amount": 0.00181061, "date": 1653760006, "price": 138074.96044308, "tid": 13691735, "type": "buy"}
{"amount": 4.425e-05, "date": 1653760034, "price": 138066.11907046, "tid": 13691736, "type": "buy"}
{"amount": 0.00027311, "date": 1653760053, "price": 138071.98068999, "tid": 13691737, "type": "buy"}
{"amount": 0.00172088, "date": 1653760072, "price": 137877.86177, "tid": 13691738, "type": "sell"}
{"amount": 0.00021974, "date": 1653760170, "price": 138070.67570097, "tid": 13691739, "type": "buy"}
{"amount": 0.00071123, "date": 1653760217, "price": 138060.23027, "tid": 13691740, "type": "buy"}
{"amount": 0.00040525, "date": 1653760220, "price": 137902.96519001, "tid": 13691741, "type": "sell"}
{"amount": 0.00185713, "date": 1653760259, "price": 138078, "tid": 13691742, "type": "buy"}
{"amount": 0.00070626, "date": 1653760282, "price": 137909.37758867, "tid": 13691743, "type": "sell"}
{"amount": 0.00072738, "date": 1653760348, "price": 138014.51436261, "tid": 13691744, "type": "buy"}
{"amount": 0.00052223, "date": 1653760368, "price": 137837.3247448, "tid": 13691745, "type": "sell"}
{"amount": 0.0277, "date": 1653760376, "price": 137848.23362001, "tid": 13691746, "type": "sell"}
{"amount": 0.05523575, "date": 1653760376, "price": 137848.23362, "tid": 13691747, "type": "sell"}
{"amount": 0.02586, "date": 1653760376, "price": 137742.76635584, "tid": 13691748, "type": "sell"}
{"amount": 0.02669, "date": 1653760376, "price": 137742.31337554, "tid": 13691749, "type": "sell"}
{"amount": 0.08451425, "date": 1653760376, "price": 137611.55991422, "tid": 13691750, "type": "sell"}
{"amount": 7.24e-06, "date": 1653760399, "price": 138038.1955, "tid": 13691751, "type": "buy"}
{"amount": 2.173e-05, "date": 1653760406, "price": 138038.19549, "tid": 13691752, "type": "buy"}
{"amount": 0.00011121, "date": 1653760407, "price": 137895.97245819, "tid": 13691753, "type": "sell"}
{"amount": 7.24e-06, "date": 1653760415, "price": 138038.1937, "tid": 13691754, "type": "buy"}
{"amount": 7.24e-06, "date": 1653760429, "price": 138044.63707999, "tid": 13691755, "type": "buy"}
{"amount": 3.078e-05, "date": 1653760430, "price": 138044.63707999, "tid": 13691756, "type": "buy"}
{"amount": 3.035e-05, "date": 1653760449, "price": 138035.5347769, "tid": 13691757, "type": "buy"}
{"amount": 8.75e-05, "date": 1653760464, "price": 138049.14481959, "tid": 13691758, "type": "buy"}
{"amount": 0.0008, "date": 1653760484, "price": 137833.87325885, "tid": 13691759, "type": "sell"}
{"amount": 0.00012121, "date": 1653760498, "price": 137850.37773895, "tid": 13691760, "type": "sell"}
{"amount": 0.003057, "date": 1653760502, "price": 138001.2676016, "tid": 13691761, "type": "buy"}
{"amount": 0.004485, "date": 1653760525, "price": 137833.94272001, "tid": 13691762, "type": "sell"}
{"amount": 2.535e-05, "date": 1653760531, "price": 138016.99398717, "tid": 13691763, "type": "buy"}
{"amount": 0.00021122, "date": 1653760535, "price": 137755.27900024, "tid": 13691764, "type": "sell"}
{"amount": 0.00123, "date": 1653760566, "price": 137715.48756213, "tid": 13691765, "type": "sell"}
{"amount": 7.245e-05, "date": 1653760574, "price": 138025.32633073, "tid": 13691766, "type": "buy"}
{"amount": 0.00086655, "date": 1653760579, "price": 137742.49704254, "tid": 13691767, "type": "sell"}
{"amount": 0.00011022, "date": 1653760588, "price": 137765.11408245, "tid": 13691768, "type": "sell"}
{"amount": 0.00089846, "date": 1653760690, "price": 137829.2210696, "tid": 13691769, "type": "sell"}
{"amount": 1.072e-05, "date": 1653760700, "price": 137855.26477225, "tid": 13691770, "type": "sell"}
{"amount": 0.00078358, "date": 1653760755, "price": 137770.14209954, "tid": 13691771, "type": "sell"}
{"amount": 0.0018114, "date": 1653760779, "price": 138014.36742999, "tid": 13691772, "type": "buy"}
{"amount": 0.00071572, "date": 1653760846, "price": 137860.67696001, "tid": 13691773, "type": "sell"}
{"amount": 0.0007246, "date": 1653760852, "price": 138005.64483879, "tid": 13691774, "type": "buy"}
{"amount": 0.0002172, "date": 1653760892, "price": 138119.33534414, "tid": 13691775, "type": "buy"}
{"amount": 2.172e-05, "date": 1653761007, "price": 138115.5227472, "tid": 13691776, "type": "buy"}
{"amount": 0.00014162, "date": 1653761008, "price": 138115.26718517, "tid": 13691777, "type": "buy"}
{"amount": 0.00023493, "date": 1653761036, "price": 137954.74739095, "tid": 13691778, "type": "sell"}
{"amount": 5.068e-05, "date": 1653761050, "price": 138115.65848999, "tid": 13691779, "type": "buy"}
{"amount": 0.00072394, "date": 1653761090, "price": 138131.91590457, "tid": 13691780, "type": "buy"}
{"amount": 0.00087099, "date": 1653761091, "price": 137922.67074854, "tid": 13691781, "type": "sell"}
{"amount": 0.00214133, "date": 1653761091, "price": 138128.52291081, "tid": 13691782, "type": "buy"}
{"amount": 1.078e-05, "date": 1653761105, "price": 138104.02700999, "tid": 13691783, "type": "buy"}
{"amount": 5.392e-05, "date": 1653761160, "price": 137921.41381683, "tid": 13691784, "type": "sell"}
{"amount": 0.00860374, "date": 1653761186, "price": 137963.29598, "tid": 13691785, "type": "sell"}
{"amount": 0.0004, "date": 1653761188, "price": 137963.29598001, "tid": 13691786, "type": "sell"}
{"amount": 8.088e-05, "date": 1653761211, "price": 137927.32763173, "tid": 13691787, "type": "sell"}
{"amount": 0.00050494, "date": 1653761217, "price": 137938.48162, "tid": 13691788, "type": "sell"}
{"amount": 0.00724018, "date": 1653761252, "price": 138117.96329762, "tid": 13691789, "type": "buy"}
{"amount": 0.0036198, "date": 1653761272, "price": 138129.12097, "tid": 13691790, "type": "buy"}
{"amount": 0.0004678, "date": 1653761278, "price": 138135.07508625, "tid": 13691791, "type": "buy"}
{"amount": 9.62e-06, "date": 1653761351, "price": 138112.97162, "tid": 13691792, "type": "buy"}
{"amount": 2.215e-05, "date": 1653761431, "price": 138120.09474115, "tid": 13691793, "type": "buy"}
{"amount": 0.00024584, "date": 1653761456, "price": 138137.85364365, "tid": 13691794, "type": "buy"}
{"amount": 4.344e-05, "date": 1653761467, "price": 138119.54556453, "tid": 13691795, "type": "buy"}
{"amount": 0.00052596, "date": 1653761476, "price": 137934.03170837, "tid": 13691796, "type": "sell"}
{"amount": 0.00016472, "date": 1653761512, "price": 137991.05928303, "tid": 13691797, "type": "sell"}
{"amount": 4.735e-05, "date": 1653761524, "price": 138108.86058, "tid": 13691798, "type": "buy"}
{"amount": 4.343e-05, "date": 1653761562, "price": 138140.13737779, "tid": 13691799, "type": "buy"}
{"amount": 0.00010858, "date": 1653761589, "price": 138144.90606819, "tid": 13691800, "type": "buy"}
{"amount": 0.01864424, "date": 1653761605, "price": 137910.66459812, "tid": 13691801, "type": "sell"}
{"amount": 0.00072389, "date": 1653761641, "price": 138140.84969, "tid": 13691802, "type": "buy"}
{"amount": 0.0003211, "date": 1653761654, "price": 138037.56303223, "tid": 13691803, "type": "sell"}
{"amount": 0.00030141, "date": 1653761692, "price": 138148, "tid": 13691804, "type": "buy"}
{"amount": 3.617e-05, "date": 1653761713, "price": 138201.17189, "tid": 13691805, "type": "buy"}
{"amount": 0.00021715, "date": 1653761719, "price": 138196.56645298, "tid": 13691806, "type": "buy"}
{"amount": 0.000211, "date": 1653761732, "price": 138003.79976, "tid": 13691807, "type": "sell"}
{"amount": 0.00014471, "date": 1653761768, "price": 138198.12138514, "tid": 13691808, "type": "buy"}
{"amount": 0.00024727, "date": 1653761784, "price": 138017.94872825, "tid": 13691809, "type": "sell"}
{"amount": 0.00075974, "date": 1653761803, "price": 138204.99999999, "tid": 13691810, "type": "buy"}
{"amount": 0.00067269, "date": 1653761805, "price": 138204.99999, "tid": 13691811, "type": "buy"}
{"amount": 0.00350271, "date": 1653761881, "price": 138083.45379505, "tid": 13691812, "type": "sell"}
{"amount": 0.00036, "date": 1653761892, "price": 138104.00311313, "tid": 13691813, "type": "sell"}
{"amount": 6.118e-05, "date": 1653761923, "price": 138149.39187701, "tid": 13691814, "type": "sell"}
{"amount": 0.00287964, "date": 1653761933, "price": 138301.99966999, "tid": 13691815, "type": "buy"}
{"amount": 0.00098732, "date": 1653761963, "price": 138272.30528999, "tid": 13691816, "type": "buy"}
{"amount": 0.00036159, "date": 1653761979, "price": 138278.15111, "tid": 13691817, "type": "buy"}
{"amount": 0.00072316, "date": 1653762013, "price": 138281.95192, "tid": 13691818, "type": "buy"}
{"amount": 0.00049073, "date": 1653762025, "price": 138088.20663292, "tid": 13691819, "type": "sell"}
{"amount": 1.807e-05, "date": 1653762034, "price": 138281.75076999, "tid": 13691820, "type": "buy"}
{"amount": 0.0054236, "date": 1653762054, "price": 138284.40965962, "tid": 13691821, "type": "buy"}
{"amount": 0.00058758, "date": 1653762058, "price": 138149.19383278, "tid": 13691822, "type": "sell"}
{"amount": 0.00054229, "date": 1653762059, "price": 138301.99999999, "tid": 13691823, "type": "buy"}
{"amount": 0.00017496, "date": 1653762062, "price": 138149.19385, "tid": 13691824, "type": "sell"}
{"amount": 0.00018005, "date": 1653762080, "price": 138115.5987984, "tid": 13691825, "type": "sell"}
{"amount": 0.00041598, "date": 1653762171, "price": 138098.59596187, "tid": 13691826, "type": "sell"}
{"amount": 3.615e-05, "date": 1653762271, "price": 138291.42407195, "tid": 13691827, "type": "buy"}
{"amount": 0.00015256, "date": 1653762274, "price": 138301.99999, "tid": 13691828, "type": "buy"}
{"amount": 0.0034711, "date": 1653762287, "price": 138284.63807711, "tid": 13691829, "type": "buy"}
{"amount": 5.56e-05, "date": 1653762299, "price": 138298.96588058, "tid": 13691830, "type": "buy"}
{"amount": 0.001, "date": 1653762324, "price": 138166.22683953, "tid": 13691831, "type": "sell"}
{"amount": 0.00542054, "date": 1653762592, "price": 138362.6041748, "tid": 13691832, "type": "buy"}
{"amount": 0.00016856, "date": 1653762605, "price": 138343.29563762, "tid": 13691833, "type": "buy"}
{"amount": 0.00187911, "date": 1653762653, "price": 138363.27467587, "tid": 13691834, "type": "buy"}
{"amount": 4.987e-05, "date": 1653762670, "price": 138333.73816, "tid": 13691835, "type": "buy"}
{"amount": 0.00289067, "date": 1653762752, "price": 138375.9327, "tid": 13691836, "type": "buy"}
{"amount": 0.00148215, "date": 1653762802, "price": 138140.80407375, "tid": 13691837, "type": "sell"}
{"amount": 2.518e-05, "date": 1653762906, "price": 138219.10299301, "tid": 13691838, "type": "sell"}
{"amount": 2.572e-05, "date": 1653762907, "price": 138391, "tid": 13691839, "type": "buy"}
{"amount": 9.979e-05, "date": 1653762916, "price": 138379.64646088, "tid": 13691840, "type": "buy"}
{"amount": 2.93e-05, "date": 1653762923, "price": 138206.99517878, "tid": 13691841, "type": "sell"}
{"amount": 0.00177775, "date": 1653762973, "price": 138381.14705, "tid": 13691842, "type": "buy"}
{"amount": 0.00018066, "date": 1653762974, "price": 138381.14705, "tid": 13691843, "type": "buy"}
{"amount": 1.669e-05, "date": 1653762995, "price": 138480.47941087, "tid": 13691844, "type": "buy"}
{"amount": 1.59e-05, "date": 1653763020, "price": 138277.08689001, "tid": 13691845, "type": "sell"}
{"amount": 5.777e-05, "date": 1653763042, "price": 138477.80959787, "tid": 13691846, "type": "buy"}
{"amount": 1.574e-05, "date": 1653763063, "price": 138474.71567149, "tid": 13691847, "type": "buy"}
{"amount": 1.444e-05, "date": 1653763167, "price": 138486.11808802, "tid": 13691848, "type": "buy"}
{"amount": 0.0009222, "date": 1653763191, "price": 138494.30694797, "tid": 13691849, "type": "buy"}
{"amount": 0.00180544, "date": 1653763227, "price": 138470.03393045, "tid": 13691850, "type": "buy"}
{"amount": 0.00021112, "date": 1653763254, "price": 138257.85625621, "tid": 13691851, "type": "sell"}
{"amount": 0.0266, "date": 1653763296, "price": 138223.43939124, "tid": 13691852, "type": "sell"}
{"amount": 0.02429, "date": 1653763296, "price": 138223.43939123, "tid": 13691853, "type": "sell"}
{"amount": 0.02279, "date": 1653763296, "price": 138222.55474732, "tid": 13691854, "type": "sell"}
{"amount": 0.02609063, "date": 1653763296, "price": 138202.56513, "tid": 13691855, "type": "sell"}
{"amount": 0.00151738, "date": 1653763325, "price": 138158.23880445, "tid": 13691856, "type": "sell"}
{"amount": 0.00092795, "date": 1653763341, "price": 138476.36802555, "tid": 13691857, "type": "buy"}
{"amount": 0.00361036, "date": 1653763378, "price": 138489.99999999, "tid": 13691858, "type": "buy"}
{"amount": 6.927e-05, "date": 1653763467, "price": 138423.89412795, "tid": 13691859, "type": "buy"}
{"amount": 0.00020112, "date": 1653763495, "price": 138234.66758001, "tid": 13691860, "type": "sell"}
{"amount": 3.612e-05, "date": 1653763508, "price": 138415.82795069, "tid": 13691861, "type": "buy"}
{"amount": 7.224e-05, "date": 1653763509, "price": 138415.8279, "tid": 13691862, "type": "buy"}
{"amount": 0.0010797, "date": 1653763522, "price": 138399.12387792, "tid": 13691863, "type": "buy"}
{"amount": 0.00031709, "date": 1653763581, "price": 138192.11123001, "tid": 13691864, "type": "sell"}
{"amount": 1e-05, "date": 1653763618, "price": 138300, "tid": 13691865, "type": "buy"}
{"amount": 0.00035136, "date": 1653763618, "price": 138364.46539819, "tid": 13691866, "type": "buy"}
{"amount": 6.625e-05, "date": 1653763666, "price": 138399.11999999, "tid": 13691867, "type": "buy"}
{"amount": 0.00011923, "date": 1653763706, "price": 138379.96369, "tid": 13691868, "type": "buy"}
{"amount": 0.00722689, "date": 1653763708, "price": 138372.09021719, "tid": 13691869, "type": "buy"}
{"amount": 1e-05, "date": 1653763722, "price": 138364.46, "tid": 13691870, "type": "sell"}
{"amount": 1e-05, "date": 1653763733, "price": 138364.46, "tid": 13691871, "type": "sell"}
{"amount": 0.01806695, "date": 1653763741, "price": 138374.19997, "tid": 13691872, "type": "buy"}
{"amount": 1e-05, "date": 1653763743, "price": 138364.46, "tid": 13691873, "type": "sell"}
{"amount": 0.00017, "date": 1653763746, "price": 138364.46, "tid": 13691874, "type": "sell"}
{"amount": 0.0045238, "date": 1653763746, "price": 138254.43026001, "tid": 13691875, "type": "sell"}
{"amount": 8.892e-05, "date": 1653763774, "price": 138386.9508918, "tid": 13691876, "type": "buy"}
{"amount": 6.579e-05, "date": 1653763783, "price": 138204.1932884, "tid": 13691877, "type": "sell"}
{"amount": 1e-05, "date": 1653763814, "price": 138236.70135592, "tid": 13691878, "type": "sell"}
{"amount": 1e-05, "date": 1653763861, "price": 138370.82, "tid": 13691879, "type": "sell"}
{"amount": 1e-05, "date": 1653763868, "price": 138370.82, "tid": 13691880, "type": "sell"}
{"amount": 1e-05, "date": 1653763877, "price": 138370.82, "tid": 13691881, "type": "sell"}
{"amount": 1e-05, "date": 1653763891, "price": 138370.82, "tid": 13691882, "type": "sell"}
{"amount": 0.0001, "date": 1653763904, "price": 138370.82000001, "tid": 13691883, "type": "sell"}
{"amount": 0.00048887, "date": 1653763913, "price": 138399.12, "tid": 13691884, "type": "buy"}
{"amount": 8.699e-05, "date": 1653763919, "price": 138370.82000001, "tid": 13691885, "type": "sell"}
{"amount": 0.0001, "date": 1653763956, "price": 138370.82000001, "tid": 13691886, "type": "sell"}
{"amount": 0.00018854, "date": 1653763959, "price": 138399.12, "tid": 13691887, "type": "buy"}
{"amount": 1e-05, "date": 1653763959, "price": 138400, "tid": 13691888, "type": "buy"}
{"amount": 0.00250971, "date": 1653763959, "price": 138470.84411, "tid": 13691889, "type": "buy"}
{"amount": 1e-05, "date": 1653764011, "price": 138400, "tid": 13691890, "type": "buy"}
{"amount": 0.0007121, "date": 1653764011, "price": 138485.07405999, "tid": 13691891, "type": "buy"}
{"amount": 0.00046, "date": 1653764035, "price": 138370.82, "tid": 13691892, "type": "sell"}
{"amount": 0.00025705, "date": 1653764035, "price": 138312.43684661, "tid": 13691893, "type": "sell"}
{"amount": 0.00017174, "date": 1653764093, "price": 138399.99999999, "tid": 13691894, "type": "buy"}
{"amount": 1e-05, "date": 1653764230, "price": 138300, "tid": 13691895, "type": "buy"}
{"amount": 0.00215777, "date": 1653764230, "price": 138382.78485, "tid": 13691896, "type": "buy"}
{"amount": 2.988e-05, "date": 1653764235, "price": 138242.42029144, "tid": 13691897, "type": "sell"}
{"amount": 0.001, "date": 1653764242, "price": 138250, "tid": 13691898, "type": "buy"}
{"amount": 0.0108, "date": 1653764247, "price": 138250.00001001, "tid": 13691899, "type": "sell"}
{"amount": 0.00382578, "date": 1653764247, "price": 138250.00001, "tid": 13691900, "type": "sell"}
{"amount": 0.00065928, "date": 1653764259, "price": 138228.83924, "tid": 13691901, "type": "sell"}
{"amount": 1.213e-05, "date": 1653764313, "price": 138396.50363391, "tid": 13691902, "type": "buy"}
{"amount": 1e-05, "date": 1653764333, "price": 138400, "tid": 13691903, "type": "buy"}
{"amount": 1.838e-05, "date": 1653764333, "price": 138464.24850321, "tid": 13691904, "type": "buy"}
{"amount": 0.00067462, "date": 1653764350, "price": 138309.89098896, "tid": 13691905, "type": "sell"}
{"amount": 0.00018726, "date": 1653764399, "price": 138350.87881637, "tid": 13691906, "type": "sell"}
{"amount": 0.00083497, "date": 1653764440, "price": 138495.72600283, "tid": 13691907, "type": "buy"}
{"amount": 9.02e-06, "date": 1653764466, "price": 138346.01529, "tid": 13691908, "type": "sell"}
{"amount": 1.444e-05, "date": 1653764488, "price": 138482.26833999, "tid": 13691909, "type": "buy"}
{"amount": 0.00055264, "date": 1653764500, "price": 138265.81926387, "tid": 13691910, "type": "sell"}
{"amount": 0.00082913, "date": 1653764511, "price": 138292.24267021, "tid": 13691911, "type": "sell"}
{"amount": 0.0002731, "date": 1653764516, "price": 138305.52482755, "tid": 13691912, "type": "sell"}
{"amount": 0.0003297, "date": 1653764555, "price": 138276.32698428, "tid": 13691913, "type": "sell"}
